2014 3162
886 153 955 160 ——
1033 123 1140 176 272
1221 152 1289 160 -—

246 263 396 325 φορεῖ
429 277 476 308 τε
514 257 597 308 καὶ
635 253 832 324 ἀνέμων
871 254 1080 325 ἐμβολὰς
1117 252 1373 324 ὑποφέρει,
1419 257 1719 325 χωρισθέντα
1757 255 1812 308 δὲ
1849 257 1933 308 καὶ

244 335 369 405 πρὸς
423 340 557 391 ἰδίαν
609 334 879 390 ὑπόστασιν
926 336 1237 403 φυτευθέντα
1282 339 1464 408 ῥᾳδίως
1491 338 1558 401 ,ἕξ
1604 335 1769 407 ὀλίγης
1815 335 1933 406 βλά-

244 439 421 472 πτεται.
500 417 560 472 οὗ
599 421 767 472 τοίνυν
815 419 870 470 ἐκ
914 422 1000 470 τοῦ
1048 415 1113 485 μὴ
1153 415 1438 471 ἀδικεῖσθαι
1475 416 1565 486 τὴν
1602 424 1845 488 γαλοῦχον
1883 418 1934 481 ἐξ

246 501 387 552 οἴνου
436 505 532 552 νῦν
581 500 836 567 νομιστέον
883 498 1008 567 μηδὲ
1045 497 1099 552 τὸ
1137 499 1324 568 βρέφος
1361 498 1772 567 κακωθήσεσθαι,
1827 502 1933 552 δια-

199 603 221 636 5
245 578 494 650 λογιστέον
541 580 595 633 δὲ
643 578 716 633 ὅτι
762 578 883 632 κατὰ
929 577 1021 648 τὴν
1065 578 1238 633 τούτου
1280 578 1510 632 σύστασιν
1548 577 1866 649 εὖτονοότερος
1905 578 1931 634 ὃ

245 659 396 728 οἶνος,
437 664 587 714 ἔνθεν
623 660 681 714 τὰ
722 659 878 714 πολλὰ
907 667 1006 714 τῶν
1022 659 1227 729 ’ἀμελῶς
1257 660 1572 730 τρεφομένων
1603 662 1931 730 ἐπιληπτικοῖς

244 740 486 795 ἁλίσκεται
526 749 780 811 σπασμοῐς.

280 908 467 956 XXXV
518 908 587 956 Τί
620 903 902 973 ποιητέον
941 904 1350 974 σβεννυμένου
1389 911 1491 959 τοῦ
1529 904 1818 975 γάλακτος
1854 902 1887 973 ἢ

327 983 742 1053 φθειρομένου
779 983 812 1054 ἢ
853 985 1279 1055 παχυνομένου
1318 984 1350 1055 ἢ
1393 984 1842 1055 λεπτυνομένου.

176 1127 219 1159 10
357 1111 441 1157 97.
491 1101 878 1171 Ἐλαττουμένου
919 1105 972 1156 δὲ
1010 1110 1095 1158 τοῦ
1135 1103 1372 1173 γάλακτος
1411 1107 1494 1158 καὶ
1532 1103 1931 1173 σβεννυμένου”
1900 1128 1931 1172 η

243 1184 579 1254 φθειρομένου
633 1182 666 1252 ἢ
721 1183 1070 1253 παχυνομένου
1125 1182 1159 1252 ἢ
1215 1181 1576 1253 λεπτυνομένου
1630 1183 1934 1254 παραδοτέον

243 1266 365 1335 ἄλλῃ
403 1264 455 1319 τὸ
496 1265 693 1334 βρέφος.
741 1263 893 1318 καλὸν
925 1266 1013 1333 μὲν
1044 1263 1138 1334 γὰρ
1171 1264 1333 1333 ἑτέρας
1362 1272 1531 1334 τιτθῆς
1562 1265 1686 1335 γάλα
1721 1263 1930 1320 διδόναι.

243 1345 308 1414 μὴ
350 1346 700 1415 ἐπιτρεπούσης
742 1347 795 1399 δὲ
833 1351 920 1415 τῆς
955 1345 1292 1415 περιστάσεως,
1331 1345 1422 1414 τὴν
1451 1353 1709 1415 παροῦσαν
1741 1351 1931 1401 διαιτᾶν

243 1425 308 1491 ὥς
348 1426 412 1496 μὴ
456 1426 587 1499 νόσῳ
627 1434 907 1496 περιπεσεῖν
943 1426 996 1481 τὸ
1036 1425 1235 1497 βρέφος.

175 1532 218 1565 15
322 1530 327 1537 ·
355 1507 793 1578 ἆποσβεννυμένου
831 1512 1002 1562 τοίνυν
1038 1515 1126 1563 τοῦ
1165 1508 1403 1580 γάλακτος
1441 1509 1802 1579 ἕπιθεωρητέον
1843 1510 1933 1564 πό-

241 1611 379 1660 τερον
420 1589 502 1643 διὰ
535 1589 686 1643 νόσον
716 1594 929 1660 γίγνεται
959 1596 1100 1644 τοῦτο
1133 1589 1339 1660 μερικὴν
1369 1588 1572 1660 ὑστέρας
1600 1588 1633 1660 ἢ
1657 1593 1740 1644 καὶ
1771 1591 1933 1645 ἄλλων

240 1677 390 1738 τινῶν
428 1670 609 1738 τόπων,
647 1669 679 1739 ἢ
719 1672 803 1723 καὶ
843 1669 909 1723 δι’
954 1670 1072 1725 ὅλου
1106 1677 1193 1725 τοῦ
1225 1671 1446 1740 σώματος
1476 1670 1720 1740 ἀτροφίαν
1754 1679 1933 1737 κοινῶς

239 1750 273 1821 ἢ
315 1759 535 1820 φυσικῶς
574 1753 849 1806 ἐλαττοῦται
887 1750 938 1806 τὸ
979 1749 1104 1822 γάλα
1142 1751 1310 1822 μηκέτι
1347 1758 1434 1820 τῆς
1466 1752 1663 1819 φύσεως
1695 1760 1928 1808 τοσοῦτον

240 1832 524 1903 ἀπογεννᾶν
564 1831 844 1902 δυναμένης
883 1833 1003 1888 οσον
1041 1834 1215 1889 ἱκανόν
1255 1836 1349 1888 ε’στι
1380 1839 1445 1907 τῷ
1477 1833 1779 1908 τρεφομένῳ.
1833 1858 1928 1889 καν

175 1938 217 1970 20
242 1915 331 1984 μέν
368 1936 438 1977 τις
478 1914 702 1983 νοσώδης
742 1913 992 1996 ὑποπίπτῃ
1029 1915 1268 1982 διάθεσις,
1311 1915 1492 1984 ταύτην
1525 1918 1606 1969 δεῖ
1638 1914 1931 1981 ἀκολούθως

239 1991 607 2058 ἆνασκευάζειν.
684 2002 771 2049 τοῦ
817 2019 910 2066 γαρ
956 1996 1157 2060 πάθους
1204 1992 1441 2061 λυθέντος
1491 1998 1572 2050 καὶ
1612 1995 1638 2050 ὁ
1677 2018 1930 2066 παρεμπο-

241 2075 412 2145 δισμὸς
459 2075 620 2129 λυεται
665 2083 750 2145 τῆς
804 2078 1059 2148 ἐνεργείας.
1138 2077 1225 2131 ε’ὰν
1281 2078 1334 2131 δὲ
1373 2076 1439 2146 μὴ
1482 2077 1564 2131 δια
1603 2077 1793 2146 πάθος,
1843 2102 1931 2148 γυ-

241 2162 466 2226 μνασίοις
530 2162 611 2211 δεῖ
660 2164 875 2228 χρῆσθαι
935 2167 1036 2223 τοῖς
1087 2156 1361 2228 ἀνειμένοις
1410 2161 1492 2212 καὶ
1531 2159 1811 2229 περιπάτοις
1849 2162 1932 2214 καὶ

362 2323 388 2361 3
425 2314 512 2362 οὐκ
546 2314 598 2362 έκ
631 2318 712 2362 τοῦ
747 2319 908 2363 τοίνυν
941 2316 1001 2376 μὴ
1037 2315 1083 2363 ά.
1118 2333 1142 2363 c
1176 2323 1305 2376 (corr.
1339 2320 1411 2375 E).
1534 2314 1666 2389 5'8u
1698 2319 1780 2375 τῆς
1811 2316 1930 2363 κατὰ

241 2421 323 2464 τοῦ
358 2417 619 2472 συστάσεως
653 2417 958 2478 ευτονότερον
993 2436 1016 2466 c
1050 2424 1184 2480 (corr.
1217 2423 1285 2478 E).
1456 2427 1510 2467 10
1543 2417 1571 2479 ἢ
1606 2421 1928 2480 φθειρομένου

241 2507 322 2552 καὶ
346 2490 678 2581 σβεννυμένου
712 2510 813 2579 (sic)
848 2524 886 2554 c.
1055 2515 1107 2554 11
1157 2505 1186 2567 ἢ
1219 2508 1585 2582 λεπτυνομένου,
1617 2508 1929 2581 παραδοτέον,

240 2561 270 2623 ἢ
287 2568 648 2641 παχυνομένου.
682 2565 827 2612 καλὸν
861 2584 948 2625 μεν
979 2567 1069 2626 γὰρ
1104 2565 1267 2640 ἑτέρας
1297 2586 1334 2614 τ.
1361 2586 1400 2626 γ.
1433 2566 1623 2614 διδόναι
1653 2566 1705 2614 τὸ
1741 2565 1928 2640 βρέφος,

241 2622 302 2683 μὴ
339 2622 411 2671 ε’π.
445 2639 485 2669 c.
533 2625 590 2670 of.
623 2626 684 2669 Ε2
715 2642 759 2683 p.
785 2631 855 2672 45.
983 2633 1035 2672 12
1067 2625 1157 2685 γὰρ
1192 2643 1216 2672 0
1249 2630 1356 2686 (om.
1390 2628 1552 2672 Aetius
1585 2633 1626 2683 4,
1661 2630 1722 2685 6).
1872 2626 1924 2672 τὸ

243 2682 420 2744 βρέφος
451 2686 559 2741 post
591 2684 778 2729 διδόναι
809 2686 914 2731 add.
949 2700 985 2730 0.
1110 2690 1165 2730 15
1200 2683 1551 2744 έπιθεωρητέον
1584 2690 1657 2745 (ex
1680 2686 1835 2742 Aetio)
1867 2687 1926 2731 Ε·

239 2742 512 2801 θεωρητέον
546 2758 649 2788 cum
682 2745 891 2790 anteced.
927 2745 1078 2802 spatio
1111 2746 1219 2790 albo
1255 2750 1277 2789 1
1311 2760 1398 2791 om.
1432 2761 1468 2791 c.
1595 2752 1647 2791 16
1680 2747 1871 2804 μερικῆς
1902 2759 1926 2791 c
1956 2768 1968 2771 ’ν

241 2804 376 2878 (corr.
410 2804 484 2859 D).
638 2809 692 2848 17
724 2800 876 2847 τόνων
909 2818 932 2847 c
965 2806 1099 2860 (corr.
1131 2803 1205 2861 D).
1358 2801 1423 2849 δι’
1461 2805 1565 2850 add.
1598 2806 1634 2850 E
1669 2807 1776 2864 (om
1810 2808 1867 2862 c).

244 2866 297 2905 19
332 2859 503 2914 ἱκανῶς
535 2877 558 2907 c
591 2864 723 2919 (corr.
756 2863 825 2920 E).
949 2868 1004 2907 21
1038 2865 1273 2922 παραποδ.
1309 2878 1346 2909 c
