2014 3162
747 109 1150 163 —199—

106 246 295 312 ἐμφερῆ
334 249 434 306 τοῖς
488 241 620 305 ’ὅλοις
674 242 838 312 ὄγκοις
876 240 1194 311 ὑπάρχουσαν
1232 242 1263 310 ἢ
1308 243 1389 296 διὰ
1428 245 1614 315 πολλὴν
1654 254 1794 314 σκλη·

104 328 217 392 ρίαν
265 322 331 392 μὴ
381 324 609 392 δέχεσθαι
658 327 841 395 ρ”ᾳδίως
878 322 968 391 τὴν
1006 323 1288 393 πρόσφυσιν
1325 332 1411 378 τοῦ
1452 329 1721 396 σπέρματος
1760 327 1790 396 ἢ

102 404 170 460 δι’
231 403 619 474 ὖπερτεταμένην
668 407 862 458 ἔκλυσιν
907 407 990 458 καὶ
1036 404 1238 459 ἀτονίαν
1287 405 1470 472 <πάλιν
1523 407 1640 462 αὐτὸ
1695 408 1792 476 ἀφ-

106 488 285 556 ιέναι>,
308 488 391 540 καὶ
415 485 532 555 μήτε
562 485 823 556 κάθυγρον
845 485 935 555 τὴν
960 486 1146 555 μήτραν
1169 485 1374 556 ἐχούσας
1398 486 1507 556 μήτ’
1537 488 1795 558 αὐχμηρὰν

99 567 219 638 μηδ’
272 567 400 638 ἄγαν
447 567 660 636 εὔπορον
705 565 736 635 ’ἢ
777 568 925 621 πάλιν
965 568 1289 637 ἕσφιγμένην,
1338 566 1578 632 εὐτάκτως
1618 571 1671 622 δὲ
1709 593 1792 622 κα·
1818 590 1839 622 5

103 650 404 718 θαιρομένας
442 650 524 701 καὶ
564 646 624 702 οὖ
658 647 742 701 διά
771 671 903 712 τινος
934 646 1168 718 ὑγρασίας
1198 646 1229 716 ἢ
1263 648 1455 718 ἰχώρων
1487 651 1794 721 ἑτερογενῶν,

65 732 79 735 ’
101 733 306 798 αἵματος
346 731 400 782 δὲ
442 731 525 783 καὶ
562 728 737 783 τούτου
777 728 894 797 μήτε
931 729 1059 799 ἄγαν
1090 736 1272 784 πολλοῦ
1305 730 1422 799 μήτε
1448 730 1597 784 πάλιν
1620 754 1794 785 παντε-

101 817 197 875 λῶς
236 810 428 881 ὀλίγου,
476 812 559 863 καὶ
597 809 649 864 τὸ
690 809 890 878 στόμιον
928 817 1014 878 τῆς
1052 809 1252 880 ὑστέρας
1291 810 1496 880 ἐχούσας
1535 812 1795 882 προκοπώ-

98 914 240 961 τερον
279 898 462 961 μᾶλλον
499 893 582 944 καὶ
620 890 724 943 κατ’
769 889 896 944 εὐθὺ
938 894 1177 959 κείμενον.
1235 893 1318 944 καὶ
1357 891 1448 961 γὰρ
1489 893 1635 960 φύσει
1673 916 1796 963 παρ-

103 971 375 1043 εγκεκλικὸς
427 973 510 1025 καὶ
563 973 854 1041 πορρωτέρω
894 978 980 1026 τοῦ
1019 976 1303 1042 γυναικείου
1343 973 1530 1028 κόλπου
1568 979 1794 1043 κείμενον
1819 995 1861 1028 10

101 1053 226 1123 πρὸς
262 1051 570 1121 ἐπισπασμὸν
600 1054 684 1106 καὶ
715 1051 1006 1123 παραδοχὴν
1035 1059 1122 1107 τοῦ
1154 1054 1449 1122 σπέρματτος
1479 1053 1796 1124 ἀφυέστερον.

98 1137 183 1189 καὶ
219 1133 305 1198 τὰς
343 1132 567 1203 εὐμαρῶς
603 1133 867 1198 πεττούσας
902 1133 992 1203 τὴν
1022 1133 1215 1203 τροφὴν
1249 1137 1331 1187 καὶ
1363 1134 1427 1204 μὴ
1460 1144 1795 1205 καθυγραινο-

98 1218 250 1285 μένας
288 1219 527 1284 διηνεκῶς
563 1213 653 1283 τὴν
691 1220 899 1283 κοιλίαν,
940 1214 1196 1280 εὐσταθεῖς
1236 1217 1290 1269 δὲ
1320 1215 1410 1284 τὴν
1443 1216 1671 1270 διάνοιαν
1712 1221 1794 1271 καὶ

99 1296 290 1366 ἱλαράς.
351 1298 434 1350 καὶ
471 1295 565 1367 γὰρ
605 1301 661 1350 αἱ
697 1305 914 1366 συνεχεῖς
945 1295 1154 1363 ἀπεψίαι
1183 1304 1284 1361 τοῖς
1315 1299 1795 1366 συλλαμβανομένοις

100 1378 424 1432 ἀνθίστανται
469 1379 552 1431 καὶ
599 1376 922 1446 ρευματισμὸς
965 1383 1050 1445 τῆς
1088 1383 1273 1442 κοιλίας
1312 1380 1465 1446 ἐξίησι
1503 1378 1555 1432 τὸ
1595 1378 1796 1447 κρατού-
1820 1401 1863 1434 15

101 1481 255 1528 μενον
294 1460 650 1528 δυσενέργητον
690 1459 766 1526 ὅν,
803 1458 856 1513 τὸ
897 1459 951 1511 δὲ
987 1459 1225 1513 ἐπίλυπόν
1261 1481 1310 1513 τε
1348 1462 1429 1513 καὶ
1459 1459 1681 1528 θυμικὸν
1711 1467 1797 1529 τῆς

103 1546 273 1610 ψυχῆς
322 1538 405 1593 διὰ
443 1538 534 1607 τὴν
570 1538 786 1609 ταραχὴν
823 1545 910 1593 τοῦ
949 1538 1225 1607 πνεύματος
1263 1539 1465 1594 ἀπωθεῖ
1495 1540 1547 1595 τὸ
1587 1548 1797 1609 συλλαμ-

110 1621 404 1691 βανόμενον.
463 1627 548 1676 35.
588 1624 639 1674 οἵ
674 1622 728 1674 δὲ
765 1623 850 1674 καὶ
886 1621 972 1685 τὰς
1011 1620 1126 1690 μήτε
1164 1620 1316 1690 χαρὰς
1355 1621 1472 1690 μήτε
1510 1621 1668 1685 λύπας
1698 1629 1799 1685 τοῖς

101 1705 353 1775 ὅμμασκν
376 1702 766 1772 ἐμφαινούσας>.
791 1702 878 1767 τὰς
903 1704 957 1756 δὲ
979 1710 1046 1776 τῷ
1062 1702 1276 1773 χρώματι
1292 1705 1471 1772 ταχέως
1485 1704 1799 1771 τρεπομένας,

105 1790 191 1840 καὶ
237 1785 440 1855 μάλιστα
488 1787 568 1839 ἐπὶ
612 1783 665 1839 τὸ
715 1783 1072 1853 μελανώτερον,
1122 1782 1570 1852 ἀνεπιτηδειοτέρας
1616 1787 1797 1847 ἔλεξαν.
1821 1806 1864 1839 20

101 1867 294 1936 πολλὴν
338 1867 432 1938 γὰρ
483 1865 609 1920 εἶναι
653 1870 930 1935 θερμασίαν
977 1868 1058 1918 ἐπὶ
1094 1862 1282 1919 τούτων
1328 1871 1414 1933 τῆς
1453 1863 1655 1934 ὀρέξεως
1699 1866 1798 1933 τρέ-

102 1968 302 2004 πουσαν
339 1951 423 2002 καὶ
461 1951 804 2017 μελαίνουσαν,
853 1946 919 2000 δι’
961 1945 1028 2015 ἣν
1064 1949 1148 2000 καὶ
1186 1946 1348 2018 τρόπῳ
1387 1948 1481 1999 τινὶ
1518 1945 1571 2000 τὸ
1612 1948 1799 2016 σπέρμα

105 2029 425 2100 φρυγόμενον
471 2031 864 2096 έξαφανίζεσθαι.
906 2029 1227 2098 Αβεβαιοτέρα
1275 2029 1329 2080 δὲ
1373 2029 1456 2081 καὶ
1506 2026 1672 2097 πρώτη
1712 2046 1800 2096 ση-

229 2210 252 2248 1
294 2198 420 2256 ολοις
600 2199 910 2261 ὑπάρχουσαν
949 2217 974 2248 ο
1013 2204 1137 2258 (cum
1169 2203 1278 2247 albo
1311 2207 1337 2246 2
1371 2216 1474 2258 cm„
1513 2202 1563 2246 in
1594 2215 1684 2257 quo
1717 2202 1797 2246 ad-

102 2263 203 2309 didi
236 2260 425 2336 ὄγκοις).
593 2264 703 2319 post
734 2263 955 2318 σκληρίαν
987 2262 1146 2308 album
1181 2263 1237 2319 1}
1269 2275 1354 2306 cm.
1388 2275 1426 2305 c.
1596 2266 1621 2305 3
1654 2258 1799 2305 πάλιν

103 2319 224 2367 αυτὸ
258 2319 458 2380 ἀφιέναι
490 2321 594 2367 add.
627 2322 664 2366 E
700 2321 776 2379 (cf.
808 2321 954 2378 praef.
986 2337 1031 2378 p.
1064 2320 1296 2375 XXXIV).
1470 2324 1496 2364 5
1531 2314 1639 2377 μήτ’
1675 2336 1800 2376 αγαν

108 2384 300 2438 c.(corr
332 2381 394 2426 E²
424 2397 470 2439 p.
497 2383 589 2437 23).
727 2376 868 2425 πάλιν
898 2380 957 2425 E:
992 2376 1111 2424 πολὺ
1144 2394 1181 2424 ο.
1304 2379 1664 2435 καθαιρομένας
1695 2379 1796 2435 (sic)

0 2422 1 2437 ζ
29 2491 41 2494 ⁴.
104 2455 144 2486 c.
267 2446 294 2486 6
327 2438 507 2498 ἰχώρων
538 2439 601 2485 D:
637 2438 864 2510 ἰσχυρῶν
870 2453 909 2485 0.
1031 2443 1058 2483 8
1092 2436 1264 2495 ἔχουσα
1297 2452 1321 2482 c
1356 2439 1488 2495 (corr
1521 2437 1592 2495 D).
1685 2453 1798 2494 προ-

31 2548 37 2554 ,
105 2495 376 2557 κωπότερον
408 2500 461 2545 Ε.
609 2504 666 2544 14
695 2501 806 2557 posb
836 2494 1043 2556 ἀπεψίαι
1075 2498 1234 2542 album
1264 2499 1295 2555 ἦ
1327 2511 1413 2542 cm.
1447 2511 1483 2541 c.
1630 2499 1799 2554 συλαμ-

106 2558 389 2630 βανομένοις
422 2558 524 2616 (sio)
558 2572 583 2603 c
617 2561 727 2615 (non
758 2559 929 2616 λαμβ..)
1083 2561 1138 2601 15
1172 2552 1289 2611 ἐξίοι
1321 2570 1345 2600 c
1380 2558 1513 2612 (corr.
1544 2555 1622 2624 D).
1745 2560 1798 2600 16

106 2618 306 2675 ὃυσεργῆ
339 2615 424 2663 τὸν
457 2615 701 2662 ἐπίλοιπον
732 2615 783 2662 τὲ
819 2631 856 2663 c.
1013 2621 1064 2660 17
1100 2612 1180 2660 δια
1212 2615 1316 2660 add.
1349 2615 1387 2659 E
1421 2616 1527 2670 (om.
1555 2630 1578 2660 c
1609 2615 1659 2659 in
1690 2614 1799 2658 albo

107 2681 131 2720 1
166 2679 287 2733 cm..)
433 2681 487 2721 19
507 2691 697 2749 ομμασι
728 2674 847 2734 μηδὲ
879 2675 942 2720 τῶ
974 2674 1184 2734 χρώματι
1215 2689 1252 2720 c.
1398 2679 1454 2719 20
1488 2671 1800 2732 μελανότερον

105 2733 214 2809 (sic)
243 2749 281 2780 c.
403 2740 458 2779 21
491 2731 853 2802 ἀποτρέπουσαν
885 2721 937 2781 Ε.
1061 2739 1118 2779 23
1152 2730 1487 2807 έξαφανίζεται
1519 2748 1542 2777 c
1578 2735 1709 2802 (corr
1727 2730 1799 2800 E).

103 2824 163 2896 ὃ
169 2792 221 2838 δε
260 2790 421 2851 πρώτη
463 2795 567 2852 (sic)
601 2808 625 2840 e
666 2793 847 2852 (addidi
878 2793 990 2850 καὶ).
1174 2793 1422 2850 σημείωσις
1454 2789 1592 2836 ἐστὶν.
1626 2788 1700 2834 διὸ
1735 2786 1797 2847 μὴ

137 2869 208 2897 υν.
240 2866 279 2898 0.
