<?xml version="1.0" encoding="UTF-8"?>
<!DOCTYPE html PUBLIC "-//W3C//DTD XHTML 1.0 Transitional//EN"
    "http://www.w3.org/TR/xhtml1/DTD/xhtml1-transitional.dtd">
<html xmlns="http://www.w3.org/1999/xhtml" xml:lang="en" lang="en">
 <head>
  <title>
</title>
<meta http-equiv="Content-Type" content="text/html;charset=utf-8" />
  <meta name='ocr-system' content='tesseract 3.04.00' />
  <meta name='ocr-capabilities' content='ocr_page ocr_carea ocr_par ocr_line ocrx_word'/>
</head>
<body>
  <div class='ocr_page' id='page_1' title='image "./gynaeciorumvetus00sorauoft_0364.png"; bbox 0 0 2014 3162; ppageno 0'>
   <div class='ocr_carea' id='block_1_1' title="bbox 850 139 1250 191">
    <p class='ocr_par' dir='ltr' id='par_1_1' title="bbox 850 139 1250 191">
     <span class='ocr_line' id='line_1_1' title="bbox 850 139 1250 191; baseline -0.003 0"><span class='ocrx_word' id='word_1_1' title='bbox 850 139 1250 191; x_wconf 84' lang='lat'>-340—</span> 
     </span>
    </p>
   </div>
   <div class='ocr_carea' id='block_1_2' title="bbox 135 268 1890 1070">
    <p class='ocr_par' dir='ltr' id='par_1_2' title="bbox 135 268 1890 1070">
     <span class='ocr_line' id='line_1_2' title="bbox 204 268 1889 340; baseline 0.001 -17"><span class='ocrx_word' id='word_1_2' title='bbox 204 270 449 334; x_wconf 80' lang='grc' dir='ltr'><em>ἕλκῶσεως</em></span> <span class='ocrx_word' id='word_1_3' title='bbox 495 268 525 338; x_wconf 77' lang='grc' dir='ltr'>ἢ</span> <span class='ocrx_word' id='word_1_4' title='bbox 572 270 731 325; x_wconf 90' lang='grc' dir='ltr'><em>πόνου</em></span> <span class='ocrx_word' id='word_1_5' title='bbox 788 273 1006 340; x_wconf 86' lang='grc' dir='ltr'><em>φέρεται,</em></span> <span class='ocrx_word' id='word_1_6' title='bbox 1060 276 1180 323; x_wconf 77' lang='grc' dir='ltr'><em>πᾶσι</em></span> <span class='ocrx_word' id='word_1_7' title='bbox 1234 272 1464 338; x_wconf 79' lang='grc' dir='ltr'><em>χρηστέον</em></span> <span class='ocrx_word' id='word_1_8' title='bbox 1517 278 1617 335; x_wconf 90' lang='grc' dir='ltr'><em>τοῖς</em></span> <span class='ocrx_word' id='word_1_9' title='bbox 1670 273 1751 325; x_wconf 84' lang='grc' dir='ltr'><em>ἐπὶ</em></span> <span class='ocrx_word' id='word_1_10' title='bbox 1803 278 1889 340; x_wconf 83' lang='grc' dir='ltr'><em>τῆς</em></span> 
     </span>
     <span class='ocr_line' id='line_1_3' title="bbox 203 350 1889 422; baseline 0.001 -18"><span class='ocrx_word' id='word_1_11' title='bbox 203 351 598 422; x_wconf 83' lang='grc' dir='ltr'><em>αἰμορραγούσης</em></span> <span class='ocrx_word' id='word_1_12' title='bbox 637 350 837 422; x_wconf 77' lang='grc' dir='ltr'><strong><em>ὑστέρας</em></strong></span> <span class='ocrx_word' id='word_1_13' title='bbox 876 353 1206 420; x_wconf 88' lang='grc' dir='ltr'><em>εἰρημένοις&gt;,</em></span> <span class='ocrx_word' id='word_1_14' title='bbox 1246 355 1289 404; x_wconf 87' lang='grc' dir='ltr'><em>εἰ</em></span> <span class='ocrx_word' id='word_1_15' title='bbox 1327 353 1381 405; x_wconf 86' lang='grc' dir='ltr'><em>δὲ</em></span> <span class='ocrx_word' id='word_1_16' title='bbox 1417 354 1501 405; x_wconf 85' lang='grc' dir='ltr'><em>καὶ</em></span> <span class='ocrx_word' id='word_1_17' title='bbox 1539 352 1786 421; x_wconf 82' lang='grc' dir='ltr'><em>ποτήμασί</em></span> <span class='ocrx_word' id='word_1_18' title='bbox 1818 375 1889 417; x_wconf 90' lang='grc' dir='ltr'><em>τις</em></span> 
     </span>
     <span class='ocr_line' id='line_1_4' title="bbox 203 431 1889 503; baseline 0 -17"><span class='ocrx_word' id='word_1_19' title='bbox 203 434 388 500; x_wconf 82' lang='grc' dir='ltr'><strong><em>ἐθέλοι,</em></strong></span> <span class='ocrx_word' id='word_1_20' title='bbox 435 432 500 502; x_wconf 83' lang='grc' dir='ltr'><em>μὴ</em></span> <span class='ocrx_word' id='word_1_21' title='bbox 542 433 891 503; x_wconf 79' lang='grc' dir='ltr'><em>φαρμακώδεσι</em></span> <span class='ocrx_word' id='word_1_22' title='bbox 927 435 1010 486; x_wconf 86' lang='grc' dir='ltr'><em>καὶ</em></span> <span class='ocrx_word' id='word_1_23' title='bbox 1050 433 1268 501; x_wconf 88' lang='grc' dir='ltr'><em>δριμέσιν</em></span> <span class='ocrx_word' id='word_1_24' title='bbox 1305 431 1407 486; x_wconf 79' lang='grc' dir='ltr'><em>ἀλλ’</em></span> <span class='ocrx_word' id='word_1_25' title='bbox 1450 432 1615 501; x_wconf 80' lang='grc' dir='ltr'><em>ἠπίοις</em></span> <span class='ocrx_word' id='word_1_26' title='bbox 1659 456 1708 487; x_wconf 88' lang='grc' dir='ltr'><em>τε</em></span> <span class='ocrx_word' id='word_1_27' title='bbox 1747 479 1756 488; x_wconf 93' lang='grc'><em>.</em></span> <span class='ocrx_word' id='word_1_28' title='bbox 1799 474 1809 487; x_wconf 91' lang='grc'><em>.</em></span> <span class='ocrx_word' id='word_1_29' title='bbox 1851 473 1889 501; x_wconf 94' lang='grc'><em>.,</em></span> 
     </span>
     <span class='ocr_line' id='line_1_5' title="bbox 204 512 1887 584; baseline 0 -16"><span class='ocrx_word' id='word_1_30' title='bbox 204 513 313 568; x_wconf 82' lang='grc' dir='ltr'><em>οἷον</em></span> <span class='ocrx_word' id='word_1_31' title='bbox 350 521 506 569; x_wconf 83' lang='grc' dir='ltr'><em>λωτοῦ</em></span> <span class='ocrx_word' id='word_1_32' title='bbox 544 514 829 584; x_wconf 73' lang='grc' dir='ltr'><em>πρισμάτων</em></span> <span class='ocrx_word' id='word_1_33' title='bbox 867 513 1154 584; x_wconf 81' lang='grc' dir='ltr'><em>ἆπόβρεγμα</em></span> <span class='ocrx_word' id='word_1_34' title='bbox 1192 513 1296 566; x_wconf 82' lang='grc' dir='ltr'><em>κατ’</em></span> <span class='ocrx_word' id='word_1_35' title='bbox 1340 518 1475 567; x_wconf 80' lang='grc' dir='ltr'><em>ἰδίαν</em></span> <span class='ocrx_word' id='word_1_36' title='bbox 1511 512 1545 582; x_wconf 79' lang='grc' dir='ltr'><em>ἢ</em></span> <span class='ocrx_word' id='word_1_37' title='bbox 1585 513 1701 583; x_wconf 83' lang='grc' dir='ltr'><em>μετὰ</em></span> <span class='ocrx_word' id='word_1_38' title='bbox 1741 519 1887 569; x_wconf 81' lang='grc' dir='ltr'><em>δυοῖν</em></span> 
     </span>
     <span class='ocr_line' id='line_1_6' title="bbox 158 594 1889 665; baseline -0.001 -14"><span class='ocrx_word' id='word_1_39' title='bbox 158 619 179 652; x_wconf 84' lang='grc'>5</span> <span class='ocrx_word' id='word_1_40' title='bbox 205 594 397 664; x_wconf 78' lang='grc' dir='ltr'><em>ὀβολῶν</em></span> <span class='ocrx_word' id='word_1_41' title='bbox 435 600 610 664; x_wconf 88' lang='grc' dir='ltr'><em>σαμίας</em></span> <span class='ocrx_word' id='word_1_42' title='bbox 648 601 740 665; x_wconf 82' lang='grc' dir='ltr'><em>γῆς</em></span> <span class='ocrx_word' id='word_1_43' title='bbox 779 597 833 649; x_wconf 87' lang='grc' dir='ltr'><em>ἐν</em></span> <span class='ocrx_word' id='word_1_44' title='bbox 873 597 986 648; x_wconf 86' lang='grc' dir='ltr'><em>δυσὶ</em></span> <span class='ocrx_word' id='word_1_45' title='bbox 1023 594 1236 658; x_wconf 78' lang='grc' dir='ltr'><em>κυάθοις</em></span> <span class='ocrx_word' id='word_1_46' title='bbox 1267 594 1462 662; x_wconf 69' lang='grc' dir='ltr'><em>ὕδατος,</em></span> <span class='ocrx_word' id='word_1_47' title='bbox 1502 599 1546 648; x_wconf 85' lang='grc' dir='ltr'><em>εἰ</em></span> <span class='ocrx_word' id='word_1_48' title='bbox 1576 596 1630 648; x_wconf 81' lang='grc' dir='ltr'><em>δὲ</em></span> <span class='ocrx_word' id='word_1_49' title='bbox 1660 594 1687 649; x_wconf 84' lang='grc' dir='ltr'>ὁ</span> <span class='ocrx_word' id='word_1_50' title='bbox 1718 595 1889 665; x_wconf 85' lang='grc' dir='ltr'><em>καιρὸς</em></span> 
     </span>
     <span class='ocr_line' id='line_1_7' title="bbox 203 673 1888 749; baseline 0.001 -20"><span class='ocrx_word' id='word_1_51' title='bbox 203 677 464 745; x_wconf 76' lang='grc' dir='ltr'><em>ἐπιτρέποι,</em></span> <span class='ocrx_word' id='word_1_52' title='bbox 503 678 586 729; x_wconf 83' lang='grc' dir='ltr'><em>καὶ</em></span> <span class='ocrx_word' id='word_1_53' title='bbox 625 675 723 744; x_wconf 85' lang='grc' dir='ltr'><em>μετ’</em></span> <span class='ocrx_word' id='word_1_54' title='bbox 768 680 909 730; x_wconf 81' lang='grc' dir='ltr'><em>οἴνου</em></span> <span class='ocrx_word' id='word_1_55' title='bbox 949 675 1213 745; x_wconf 80' lang='grc' dir='ltr'><em>αὐστηροῦ,</em></span> <span class='ocrx_word' id='word_1_56' title='bbox 1251 673 1282 743; x_wconf 79' lang='grc' dir='ltr'><em>ἢ</em></span> <span class='ocrx_word' id='word_1_57' title='bbox 1324 675 1417 729; x_wconf 79' lang='grc' dir='ltr'><em>σὺν</em></span> <span class='ocrx_word' id='word_1_58' title='bbox 1455 675 1587 749; x_wconf 76' lang='grc' dir='ltr'><em>αύτῷ</em></span> <span class='ocrx_word' id='word_1_59' title='bbox 1624 683 1820 746; x_wconf 81' lang='grc' dir='ltr'><em>λαγωοῦ</em></span> <span class='ocrx_word' id='word_1_60' title='bbox 1856 675 1888 745; x_wconf 83' lang='grc' dir='ltr'>ἢ</span> 
     </span>
     <span class='ocr_line' id='line_1_8' title="bbox 204 755 1890 827; baseline 0.001 -17"><span class='ocrx_word' id='word_1_61' title='bbox 204 756 390 826; x_wconf 89' lang='grc' dir='ltr'><em>μόσχου</em></span> <span class='ocrx_word' id='word_1_62' title='bbox 428 762 578 811; x_wconf 89' lang='grc' dir='ltr'><em>πυτία</em></span> <span class='ocrx_word' id='word_1_63' title='bbox 615 756 646 825; x_wconf 77' lang='grc' dir='ltr'>ἢ</span> <span class='ocrx_word' id='word_1_64' title='bbox 689 756 839 825; x_wconf 78' lang='grc' dir='ltr'><em>ἀρνὸς</em></span> <span class='ocrx_word' id='word_1_65' title='bbox 875 755 907 826; x_wconf 77' lang='grc' dir='ltr'>ἢ</span> <span class='ocrx_word' id='word_1_66' title='bbox 948 757 1161 825; x_wconf 84' lang='grc' dir='ltr'><em>ἐλάφου,</em></span> <span class='ocrx_word' id='word_1_67' title='bbox 1199 756 1407 825; x_wconf 79' lang='grc' dir='ltr'><em>πηκτικὴ</em></span> <span class='ocrx_word' id='word_1_68' title='bbox 1446 756 1539 827; x_wconf 78' lang='grc' dir='ltr'><em>γὰρ</em></span> <span class='ocrx_word' id='word_1_69' title='bbox 1577 756 1698 810; x_wconf 80' lang='grc' dir='ltr'><em>κατὰ</em></span> <span class='ocrx_word' id='word_1_70' title='bbox 1737 756 1890 811; x_wconf 89' lang='grc' dir='ltr'><em>δύνα-</em></span> 
     </span>
     <span class='ocr_line' id='line_1_9' title="bbox 202 836 1890 908; baseline 0.002 -18"><span class='ocrx_word' id='word_1_71' title='bbox 202 842 287 905; x_wconf 90' lang='grc' dir='ltr'><em>μίν</em></span> <span class='ocrx_word' id='word_1_72' title='bbox 326 840 469 905; x_wconf 89' lang='grc' dir='ltr'><em>ἐστιν,</em></span> <span class='ocrx_word' id='word_1_73' title='bbox 508 837 540 906; x_wconf 77' lang='grc' dir='ltr'><em>ἢ</em></span> <span class='ocrx_word' id='word_1_74' title='bbox 581 842 782 908; x_wconf 77' lang='grc' dir='ltr'><em>γίγαρτα</em></span> <span class='ocrx_word' id='word_1_75' title='bbox 820 846 924 891; x_wconf 85' lang='grc' dir='ltr'><em>λεῖα</em></span> <span class='ocrx_word' id='word_1_76' title='bbox 961 837 992 906; x_wconf 79' lang='grc' dir='ltr'><em>ἢ</em></span> <span class='ocrx_word' id='word_1_77' title='bbox 1034 838 1189 906; x_wconf 87' lang='grc' dir='ltr'><em>μύρτα</em></span> <span class='ocrx_word' id='word_1_78' title='bbox 1219 837 1251 906; x_wconf 77' lang='grc' dir='ltr'><em>ἢ</em></span> <span class='ocrx_word' id='word_1_79' title='bbox 1286 842 1421 891; x_wconf 89' lang='grc' dir='ltr'><em>σίδια</em></span> <span class='ocrx_word' id='word_1_80' title='bbox 1451 836 1483 906; x_wconf 77' lang='grc' dir='ltr'>ἢ</span> <span class='ocrx_word' id='word_1_81' title='bbox 1518 837 1690 905; x_wconf 88' lang='grc' dir='ltr'><em>φλοιὸς</em></span> <span class='ocrx_word' id='word_1_82' title='bbox 1719 843 1890 903; x_wconf 88' lang='grc' dir='ltr'><em>πίτυος</em></span> 
     </span>
     <span class='ocr_line' id='line_1_10' title="bbox 200 919 1890 992; baseline 0 -20"><span class='ocrx_word' id='word_1_83' title='bbox 200 919 235 987; x_wconf 79' lang='grc' dir='ltr'><em>ἤ</em></span> <span class='ocrx_word' id='word_1_84' title='bbox 283 942 328 972; x_wconf 88' lang='grc' dir='ltr'><em>τι</em></span> <span class='ocrx_word' id='word_1_85' title='bbox 374 926 472 973; x_wconf 92' lang='grc' dir='ltr'><em>τῶν</em></span> <span class='ocrx_word' id='word_1_86' title='bbox 527 922 754 990; x_wconf 82' lang='grc' dir='ltr'><em>ἐμφερῶν</em></span> <span class='ocrx_word' id='word_1_87' title='bbox 807 919 1199 988; x_wconf 87' lang='grc' dir='ltr'><em>ἐπιπασσόμενον</em></span> <span class='ocrx_word' id='word_1_88' title='bbox 1253 920 1318 991; x_wconf 81' lang='grc' dir='ltr'><em>τῷ</em></span> <span class='ocrx_word' id='word_1_89' title='bbox 1373 926 1505 992; x_wconf 81' lang='grc' dir='ltr'><em>ποτῷ</em></span> <span class='ocrx_word' id='word_1_90' title='bbox 1560 921 1696 988; x_wconf 89' lang='grc' dir='ltr'><em>μέχρι</em></span> <span class='ocrx_word' id='word_1_91' title='bbox 1746 923 1890 974; x_wconf 83' lang='grc' dir='ltr'><em>δυοῖν</em></span> 
     </span>
     <span class='ocr_line' id='line_1_11' title="bbox 135 998 1888 1070; baseline -0.001 -15"><span class='ocrx_word' id='word_1_92' title='bbox 135 1025 178 1056; x_wconf 85' lang='grc'><em>10</em></span> <span class='ocrx_word' id='word_1_93' title='bbox 202 1004 448 1070; x_wconf 82' lang='grc' dir='ltr'><em>δραχμῶν,</em></span> <span class='ocrx_word' id='word_1_94' title='bbox 479 998 511 1068; x_wconf 76' lang='grc' dir='ltr'>ἢ</span> <span class='ocrx_word' id='word_1_95' title='bbox 537 999 782 1069; x_wconf 81' lang='grc' dir='ltr'><em>ἀφέψημα</em></span> <span class='ocrx_word' id='word_1_96' title='bbox 813 1005 1056 1067; x_wconf 85' lang='grc' dir='ltr'><em>φοινίκων</em></span> <span class='ocrx_word' id='word_1_97' title='bbox 1078 998 1397 1069; x_wconf 72' lang='grc' dir='ltr'><em>θηβαικῶν“ἢ</em></span> <span class='ocrx_word' id='word_1_98' title='bbox 1421 1004 1684 1054; x_wconf 82' lang='grc' dir='ltr'><em>κυδωνίων</em></span> <span class='ocrx_word' id='word_1_99' title='bbox 1707 1000 1888 1069; x_wconf 83' lang='grc' dir='ltr'><em>μήλων.</em></span> 
     </span>
    </p>
   </div>
   <div class='ocr_carea' id='block_1_3' title="bbox 202 1077 1980 1151">
    <p class='ocr_par' dir='ltr' id='par_1_3' title="bbox 202 1077 1980 1151">
     <span class='ocr_line' id='line_1_12' title="bbox 202 1077 1980 1151; baseline -0.001 -15"><span class='ocrx_word' id='word_1_100' title='bbox 202 1077 282 1136; x_wconf 73' lang='grc' dir='ltr'><em>ὅτε</em></span> <span class='ocrx_word' id='word_1_101' title='bbox 321 1083 375 1136; x_wconf 80' lang='grc' dir='ltr'><em>δὲ</em></span> <span class='ocrx_word' id='word_1_102' title='bbox 414 1081 530 1150; x_wconf 80' lang='grc' dir='ltr'><em>μετὰ</em></span> <span class='ocrx_word' id='word_1_103' title='bbox 560 1082 721 1136; x_wconf 91' lang='grc' dir='ltr'><em>πόνου</em></span> <span class='ocrx_word' id='word_1_104' title='bbox 754 1084 967 1151; x_wconf 88' lang='grc' dir='ltr'><em>φέρεται,</em></span> <span class='ocrx_word' id='word_1_105' title='bbox 999 1080 1149 1150; x_wconf 87' lang='grc' dir='ltr'><em>χυλὸν</em></span> <span class='ocrx_word' id='word_1_106' title='bbox 1181 1083 1369 1135; x_wconf 86' lang='grc' dir='ltr'><em>ἐνετέον</em></span> <span class='ocrx_word' id='word_1_107' title='bbox 1397 1081 1578 1151; x_wconf 78' lang='grc' dir='ltr'><em>τράγου</em></span> <span class='ocrx_word' id='word_1_108' title='bbox 1608 1080 1641 1150; x_wconf 80' lang='grc' dir='ltr'><em>ἢ</em></span> <span class='ocrx_word' id='word_1_109' title='bbox 1674 1081 1888 1151; x_wconf 88' lang='grc' dir='ltr'><em>χόνδρου</em></span> <span class='ocrx_word' id='word_1_110' title='bbox 1974 1133 1980 1147; x_wconf 76' lang='grc'><em>,</em></span> 
     </span>
    </p>
   </div>
   <div class='ocr_carea' id='block_1_4' title="bbox 134 1160 1890 1638">
    <p class='ocr_par' dir='ltr' id='par_1_4' title="bbox 134 1160 1890 1638">
     <span class='ocr_line' id='line_1_13' title="bbox 197 1160 1888 1233; baseline 0 -16"><span class='ocrx_word' id='word_1_111' title='bbox 197 1161 231 1231; x_wconf 76' lang='grc' dir='ltr'>ἢ</span> <span class='ocrx_word' id='word_1_112' title='bbox 272 1163 509 1232; x_wconf 76' lang='grc' dir='ltr'><em>πτισάνης</em></span> <span class='ocrx_word' id='word_1_113' title='bbox 549 1162 632 1216; x_wconf 81' lang='grc' dir='ltr'><em>διὰ</em></span> <span class='ocrx_word' id='word_1_114' title='bbox 671 1162 998 1233; x_wconf 88' lang='grc' dir='ltr'><em>μητρεγχύτου</em></span> <span class='ocrx_word' id='word_1_115' title='bbox 1037 1160 1068 1229; x_wconf 79' lang='grc' dir='ltr'><em>ἢ</em></span> <span class='ocrx_word' id='word_1_116' title='bbox 1109 1166 1476 1231; x_wconf 87' lang='grc' dir='ltr'><em>κλυστηριδίου,</em></span> <span class='ocrx_word' id='word_1_117' title='bbox 1519 1165 1601 1216; x_wconf 84' lang='grc' dir='ltr'><em>καὶ</em></span> <span class='ocrx_word' id='word_1_118' title='bbox 1638 1172 1739 1227; x_wconf 88' lang='grc' dir='ltr'><em>τοῖς</em></span> <span class='ocrx_word' id='word_1_119' title='bbox 1776 1172 1888 1232; x_wconf 81' lang='grc' dir='ltr'><em>θερ-</em></span> 
     </span>
     <span class='ocr_line' id='line_1_14' title="bbox 201 1242 1890 1313; baseline 0.001 -16"><span class='ocrx_word' id='word_1_120' title='bbox 201 1251 311 1311; x_wconf 83' lang='grc' dir='ltr'><em>μοῖς</em></span> <span class='ocrx_word' id='word_1_121' title='bbox 348 1243 471 1297; x_wconf 76' lang='grc' dir='ltr'><em>κατὰ</em></span> <span class='ocrx_word' id='word_1_122' title='bbox 510 1243 726 1312; x_wconf 89' lang='grc' dir='ltr'><em>δύναμιν</em></span> <span class='ocrx_word' id='word_1_123' title='bbox 764 1243 996 1312; x_wconf 84' lang='grc' dir='ltr'><em>χρηστέον</em></span> <span class='ocrx_word' id='word_1_124' title='bbox 1033 1242 1402 1311; x_wconf 84' lang='grc' dir='ltr'><em>καταπλάσμασι</em></span> <span class='ocrx_word' id='word_1_125' title='bbox 1439 1245 1521 1296; x_wconf 84' lang='grc' dir='ltr'><em>καὶ</em></span> <span class='ocrx_word' id='word_1_126' title='bbox 1559 1252 1766 1313; x_wconf 84' lang='grc' dir='ltr'><em>τροφαῖς</em></span> <span class='ocrx_word' id='word_1_127' title='bbox 1810 1246 1890 1298; x_wconf 87' lang='grc' dir='ltr'><em>ἐν-</em></span> 
     </span>
     <span class='ocr_line' id='line_1_15' title="bbox 199 1322 1890 1394; baseline 0.001 -17"><span class='ocrx_word' id='word_1_128' title='bbox 199 1325 404 1394; x_wconf 80' lang='grc' dir='ltr'><em>θέρμοις</em></span> <span class='ocrx_word' id='word_1_129' title='bbox 449 1346 497 1377; x_wconf 88' lang='grc' dir='ltr'><em>τε</em></span> <span class='ocrx_word' id='word_1_130' title='bbox 543 1326 626 1377; x_wconf 84' lang='grc' dir='ltr'><em>καὶ</em></span> <span class='ocrx_word' id='word_1_131' title='bbox 671 1332 878 1387; x_wconf 86' lang='grc' dir='ltr'><em>λεπταῖς.</em></span> <span class='ocrx_word' id='word_1_132' title='bbox 963 1322 1039 1377; x_wconf 72' lang='grc' dir='ltr'><em>’ὅτε</em></span> <span class='ocrx_word' id='word_1_133' title='bbox 1087 1324 1140 1375; x_wconf 87' lang='grc' dir='ltr'><em>δὲ</em></span> <span class='ocrx_word' id='word_1_134' title='bbox 1188 1323 1299 1391; x_wconf 80' lang='grc' dir='ltr'><em>μεθ’</em></span> <span class='ocrx_word' id='word_1_135' title='bbox 1351 1323 1620 1390; x_wconf 81' lang='grc' dir='ltr'><em>έλκῶσεως,</em></span> <span class='ocrx_word' id='word_1_136' title='bbox 1675 1326 1755 1378; x_wconf 82' lang='grc' dir='ltr'><em>ἐπὶ</em></span> <span class='ocrx_word' id='word_1_137' title='bbox 1801 1326 1890 1393; x_wconf 83' lang='grc' dir='ltr'><em>μὲν</em></span> 
     </span>
     <span class='ocr_line' id='line_1_16' title="bbox 134 1403 1889 1475; baseline 0.001 -16"><span class='ocrx_word' id='word_1_138' title='bbox 134 1427 176 1461; x_wconf 84' lang='grc'><em>15</em></span> <span class='ocrx_word' id='word_1_139' title='bbox 199 1411 285 1473; x_wconf 82' lang='grc' dir='ltr'><em>τῆς</em></span> <span class='ocrx_word' id='word_1_140' title='bbox 333 1404 731 1475; x_wconf 82' lang='grc' dir='ltr'><em>φλεγμαινούσης</em></span> <span class='ocrx_word' id='word_1_141' title='bbox 775 1413 876 1468; x_wconf 86' lang='grc' dir='ltr'><em>τοῖς</em></span> <span class='ocrx_word' id='word_1_142' title='bbox 913 1403 1079 1468; x_wconf 77' lang='grc' dir='ltr'><em>αὐτοῖς</em></span> <span class='ocrx_word' id='word_1_143' title='bbox 1117 1403 1266 1458; x_wconf 88' lang='grc' dir='ltr'><em>πάλιν</em></span> <span class='ocrx_word' id='word_1_144' title='bbox 1304 1406 1536 1475; x_wconf 81' lang='grc' dir='ltr'><em>χρηστέον</em></span> <span class='ocrx_word' id='word_1_145' title='bbox 1575 1404 1650 1469; x_wconf 82' lang='grc' dir='ltr'><em>οἷς</em></span> <span class='ocrx_word' id='word_1_146' title='bbox 1687 1407 1767 1458; x_wconf 82' lang='grc' dir='ltr'><em>ἐπὶ</em></span> <span class='ocrx_word' id='word_1_147' title='bbox 1803 1413 1889 1461; x_wconf 80' lang='grc' dir='ltr'><em>τοῦ</em></span> 
     </span>
     <span class='ocr_line' id='line_1_17' title="bbox 200 1484 1883 1556; baseline 0.001 -17"><span class='ocrx_word' id='word_1_148' title='bbox 200 1484 315 1554; x_wconf 82' lang='grc' dir='ltr'><em>μετὰ</em></span> <span class='ocrx_word' id='word_1_149' title='bbox 360 1490 691 1555; x_wconf 85' lang='grc' dir='ltr'><em>περιωδυνίας</em></span> <span class='ocrx_word' id='word_1_150' title='bbox 736 1488 819 1540; x_wconf 82' lang='grc' dir='ltr'><em>καὶ</em></span> <span class='ocrx_word' id='word_1_151' title='bbox 864 1489 1009 1555; x_wconf 87' lang='grc' dir='ltr'><em>χωρὶς</em></span> <span class='ocrx_word' id='word_1_152' title='bbox 1056 1485 1302 1550; x_wconf 78' lang='grc' dir='ltr'><em>ἓλκῶσεως</em></span> <span class='ocrx_word' id='word_1_153' title='bbox 1339 1490 1679 1556; x_wconf 77' lang='grc' dir='ltr'><em>ρευματισμοῦ.</em></span> <span class='ocrx_word' id='word_1_154' title='bbox 1756 1491 1800 1540; x_wconf 83' lang='grc' dir='ltr'><em>εἰ</em></span> <span class='ocrx_word' id='word_1_155' title='bbox 1837 1486 1883 1540; x_wconf 82' lang='grc' dir='ltr'><em>δ’</em></span> 
     </span>
     <span class='ocr_line' id='line_1_18' title="bbox 199 1565 1887 1638; baseline 0.001 -19"><span class='ocrx_word' id='word_1_156' title='bbox 199 1570 274 1635; x_wconf 84' lang='grc' dir='ltr'><em>εἴη</em></span> <span class='ocrx_word' id='word_1_157' title='bbox 313 1567 508 1636; x_wconf 79' lang='grc' dir='ltr'><em>ῥυπαρὰ</em></span> <span class='ocrx_word' id='word_1_158' title='bbox 548 1567 666 1621; x_wconf 74' lang='grc' dir='ltr'><em>ὥστε</em></span> <span class='ocrx_word' id='word_1_159' title='bbox 703 1572 946 1638; x_wconf 82' lang='grc' dir='ltr'><em>τρυγῶδες</em></span> <span class='ocrx_word' id='word_1_160' title='bbox 977 1566 1103 1621; x_wconf 85' lang='grc' dir='ltr'><em>εἶναι</em></span> <span class='ocrx_word' id='word_1_161' title='bbox 1133 1566 1185 1621; x_wconf 86' lang='grc' dir='ltr'><em>τὸ</em></span> <span class='ocrx_word' id='word_1_162' title='bbox 1218 1566 1510 1637; x_wconf 86' lang='grc' dir='ltr'><em>φερόμενον,</em></span> <span class='ocrx_word' id='word_1_163' title='bbox 1547 1565 1887 1637; x_wconf 81' lang='grc' dir='ltr'><em>ἢ&lt;καθαρά&gt;,</em></span> 
     </span>
    </p>
   </div>
   <div class='ocr_carea' id='block_1_5' title="bbox 196 1697 1905 2773">
    <p class='ocr_par' dir='ltr' id='par_1_5' title="bbox 197 1697 1905 2228">
     <span class='ocr_line' id='line_1_19' title="bbox 200 1697 1885 1755; baseline 0.001 -13"><span class='ocrx_word' id='word_1_164' title='bbox 200 1697 440 1742; x_wconf 71' lang='lat' dir='ltr'>curatione</span> <span class='ocrx_word' id='word_1_165' title='bbox 472 1697 623 1742; x_wconf 88' lang='lat' dir='ltr'>morbi</span> <span class='ocrx_word' id='word_1_166' title='bbox 655 1699 841 1754; x_wconf 79' lang='lat' dir='ltr'><strong>sumpto</strong></span> <span class='ocrx_word' id='word_1_167' title='bbox 873 1699 1049 1755; x_wconf 83' lang='lat' dir='ltr'><strong>absque</strong></span> <span class='ocrx_word' id='word_1_168' title='bbox 1080 1698 1237 1753; x_wconf 71' lang='lat' dir='ltr'><em>initio,</em></span> <span class='ocrx_word' id='word_1_169' title='bbox 1283 1698 1408 1755; x_wconf 85' lang='lat' dir='ltr'><strong>quod</strong></span> <span class='ocrx_word' id='word_1_170' title='bbox 1438 1698 1533 1742; x_wconf 56' lang='lat' dir='ltr'>{fiale</span> <span class='ocrx_word' id='word_1_171' title='bbox 1566 1699 1668 1742; x_wconf 72' lang='lat' dir='ltr'>erat</span> <span class='ocrx_word' id='word_1_172' title='bbox 1699 1712 1786 1743; x_wconf 79' lang='lat' dir='ltr'>sec,</span> <span class='ocrx_word' id='word_1_173' title='bbox 1818 1699 1885 1743; x_wconf 82' lang='lat' dir='ltr'><em>la-</em></span> 
     </span>
     <span class='ocr_line' id='line_1_20' title="bbox 200 1756 1888 1815; baseline 0.001 -14"><span class='ocrx_word' id='word_1_174' title='bbox 200 1756 326 1801; x_wconf 72' lang='lat' dir='ltr'>ffinae</span> <span class='ocrx_word' id='word_1_175' title='bbox 356 1756 583 1801; x_wconf 82' lang='lat' dir='ltr'>versionis</span> <span class='ocrx_word' id='word_1_176' title='bbox 622 1756 787 1814; x_wconf 84' lang='lat' dir='ltr'><strong>fragm.</strong></span> <span class='ocrx_word' id='word_1_177' title='bbox 821 1771 881 1815; x_wconf 88' lang='lat' dir='ltr'><em>ap</em></span> <span class='ocrx_word' id='word_1_178' title='bbox 885 1757 1056 1804; x_wconf 91' lang='lat' dir='ltr'><strong>..Orib</strong></span> <span class='ocrx_word' id='word_1_179' title='bbox 1091 1758 1176 1813; x_wconf 90' lang='lat' dir='ltr'><em>VI,</em></span> <span class='ocrx_word' id='word_1_180' title='bbox 1202 1762 1310 1802; x_wconf 85' lang='grc'><strong>353·</strong></span> <span class='ocrx_word' id='word_1_181' title='bbox 1368 1757 1563 1814; x_wconf 74' lang='lat' dir='ltr'><em>Quando</em></span> <span class='ocrx_word' id='word_1_182' title='bbox 1601 1761 1751 1801; x_wconf 77' lang='lat' dir='ltr'>autem</span> <span class='ocrx_word' id='word_1_183' title='bbox 1789 1759 1888 1803; x_wconf 75' lang='lat' dir='ltr'><em>sine</em></span> 
     </span>
     <span class='ocr_line' id='line_1_21' title="bbox 198 1773 1888 1874; baseline 0 -13"><span class='ocrx_word' id='word_1_184' title='bbox 198 1817 347 1861; x_wconf 76' lang='lat' dir='ltr'><em>ulcere</em></span> <span class='ocrx_word' id='word_1_185' title='bbox 392 1820 475 1861; x_wconf 79' lang='lat' dir='ltr'><em>aut</em></span> <span class='ocrx_word' id='word_1_186' title='bbox 519 1817 673 1861; x_wconf 83' lang='lat' dir='ltr'><em>dolore</em></span> <span class='ocrx_word' id='word_1_187' title='bbox 695 1773 895 1871; x_wconf 76' lang='lat' dir='ltr'><em>gfertur,</em></span> <span class='ocrx_word' id='word_1_188' title='bbox 926 1818 1135 1862; x_wconf 72' lang='lat' dir='ltr'><em>omnibus</em></span> <span class='ocrx_word' id='word_1_189' title='bbox 1177 1818 1319 1862; x_wconf 69' lang='lat' dir='ltr'><em>uteris</em></span> <span class='ocrx_word' id='word_1_190' title='bbox 1359 1817 1735 1861; x_wconf 74' lang='lat' dir='ltr'><em>medicaminibus</em></span> <span class='ocrx_word' id='word_1_191' title='bbox 1772 1831 1888 1874; x_wconf 74' lang='lat' dir='ltr'><em>quae</em></span> 
     </span>
     <span class='ocr_line' id='line_1_22' title="bbox 199 1875 1887 1950; baseline 0.001 -31"><span class='ocrx_word' id='word_1_192' title='bbox 199 1876 382 1932; x_wconf 76' lang='lat' dir='ltr'><em>(quibus</em></span> <span class='ocrx_word' id='word_1_193' title='bbox 413 1875 533 1931; x_wconf 82' lang='lat' dir='ltr'>eod.)</span> <span class='ocrx_word' id='word_1_194' title='bbox 565 1876 627 1920; x_wconf 86' lang='lat' dir='ltr'><em>ad</em></span> <span class='ocrx_word' id='word_1_195' title='bbox 658 1877 902 1933; x_wconf 71' lang='lat' dir='ltr'><em>sanquinis</em></span> <span class='ocrx_word' id='word_1_196' title='bbox 913 1878 1110 1950; x_wconf 71' lang='lat' dir='ltr'><strong><em>fluxum</em></strong></span> <span class='ocrx_word' id='word_1_197' title='bbox 1133 1877 1379 1949; x_wconf 75' lang='lat' dir='ltr'><em>expediunt</em></span> <span class='ocrx_word' id='word_1_198' title='bbox 1402 1877 1488 1920; x_wconf 75' lang='lat' dir='ltr'>ete.</span> <span class='ocrx_word' id='word_1_199' title='bbox 1530 1875 1693 1920; x_wconf 82' lang='lat' dir='ltr'>eadem</span> <span class='ocrx_word' id='word_1_200' title='bbox 1720 1890 1887 1933; x_wconf 82' lang='lat' dir='ltr'>graece</span> 
     </span>
     <span class='ocr_line' id='line_1_23' title="bbox 199 1929 1905 2006; baseline 0.002 -29"><span class='ocrx_word' id='word_1_201' title='bbox 199 1947 272 1991; x_wconf 85' lang='lat' dir='ltr'><em>ap.</em></span> <span class='ocrx_word' id='word_1_202' title='bbox 321 1934 448 1978; x_wconf 83' lang='lat' dir='ltr'><strong>Orib.</strong></span> <span class='ocrx_word' id='word_1_203' title='bbox 496 1933 607 1991; x_wconf 76' lang='lat' dir='ltr'>epit.</span> <span class='ocrx_word' id='word_1_204' title='bbox 656 1939 741 1989; x_wconf 89' lang='grc'><em>636</em></span> <span class='ocrx_word' id='word_1_205' title='bbox 797 1934 863 1979; x_wconf 83' lang='lat' dir='ltr'><em>sic</em></span> <span class='ocrx_word' id='word_1_206' title='bbox 910 1951 988 1979; x_wconf 81' lang='grc' dir='ltr'><em>οτε</em></span> <span class='ocrx_word' id='word_1_207' title='bbox 1037 1933 1123 1991; x_wconf 76' lang='grc' dir='ltr'><em>μὲν</em></span> <span class='ocrx_word' id='word_1_208' title='bbox 1171 1951 1256 1979; x_wconf 88' lang='grc' dir='ltr'><em>ουν</em></span> <span class='ocrx_word' id='word_1_209' title='bbox 1303 1951 1341 2006; x_wconf 82' lang='grc' dir='ltr'><em>χ.</em></span> <span class='ocrx_word' id='word_1_210' title='bbox 1388 1932 1481 1979; x_wconf 79' lang='grc' dir='ltr'><em>ἕλκ.</em></span> <span class='ocrx_word' id='word_1_211' title='bbox 1524 1929 1552 1990; x_wconf 81' lang='grc' dir='ltr'>ἢ</span> <span class='ocrx_word' id='word_1_212' title='bbox 1597 1950 1643 1979; x_wconf 88' lang='grc' dir='ltr'><em>π.</em></span> <span class='ocrx_word' id='word_1_213' title='bbox 1688 1951 1738 1990; x_wconf 86' lang='grc' dir='ltr'><em>φ.</em></span> <span class='ocrx_word' id='word_1_214' title='bbox 1771 1935 1905 1980; x_wconf 80' lang='grc' dir='ltr'><em>πᾶσι.</em></span> 
     </span>
     <span class='ocr_line' id='line_1_24' title="bbox 198 1989 1884 2068; baseline 0 -31"><span class='ocrx_word' id='word_1_215' title='bbox 198 1990 422 2063; x_wconf 85' lang='grc' dir='ltr'><em>χρηστέον</em></span> <span class='ocrx_word' id='word_1_216' title='bbox 460 1998 558 2044; x_wconf 85' lang='grc' dir='ltr'><em>τοῖς</em></span> <span class='ocrx_word' id='word_1_217' title='bbox 597 1989 676 2038; x_wconf 85' lang='grc' dir='ltr'><em>ἐπὶ</em></span> <span class='ocrx_word' id='word_1_218' title='bbox 709 1994 795 2063; x_wconf 84' lang='grc' dir='ltr'><em>τῆς</em></span> <span class='ocrx_word' id='word_1_219' title='bbox 834 1991 932 2050; x_wconf 81' lang='grc' dir='ltr'><em>αἷμ.</em></span> <span class='ocrx_word' id='word_1_220' title='bbox 972 1990 1171 2068; x_wconf 83' lang='grc' dir='ltr'><em>υστέρας</em></span> <span class='ocrx_word' id='word_1_221' title='bbox 1201 1991 1435 2050; x_wconf 83' lang='grc' dir='ltr'><em>ποτήμασι</em></span> <span class='ocrx_word' id='word_1_222' title='bbox 1474 1998 1572 2044; x_wconf 84' lang='grc' dir='ltr'><em>τοῖς</em></span> <span class='ocrx_word' id='word_1_223' title='bbox 1603 1989 1665 2050; x_wconf 91' lang='grc' dir='ltr'><em>μὴ</em></span> <span class='ocrx_word' id='word_1_224' title='bbox 1699 2010 1884 2051; x_wconf 89' lang='grc' dir='ltr'><em>φαρμα-</em></span> 
     </span>
     <span class='ocr_line' id='line_1_25' title="bbox 198 2048 1855 2127; baseline 0.001 -32"><span class='ocrx_word' id='word_1_225' title='bbox 198 2049 399 2096; x_wconf 78' lang='grc' dir='ltr'><em>κῶὃεσιν</em></span> <span class='ocrx_word' id='word_1_226' title='bbox 431 2052 519 2096; x_wconf 79' lang='lat' dir='ltr'>etc.</span> <span class='ocrx_word' id='word_1_227' title='bbox 642 2056 668 2096; x_wconf 89' lang='lat'><strong>5</strong></span> <span class='ocrx_word' id='word_1_228' title='bbox 702 2048 727 2096; x_wconf 86' lang='grc' dir='ltr'><strong>ὁ</strong></span> <span class='ocrx_word' id='word_1_229' title='bbox 761 2067 852 2097; x_wconf 88' lang='lat' dir='ltr'><em>om.</em></span> <span class='ocrx_word' id='word_1_230' title='bbox 884 2067 922 2098; x_wconf 86' lang='lat' dir='ltr'><em>e.</em></span> <span class='ocrx_word' id='word_1_231' title='bbox 1045 2058 1071 2097; x_wconf 89' lang='grc'><strong>6</strong></span> <span class='ocrx_word' id='word_1_232' title='bbox 1105 2049 1344 2127; x_wconf 78' lang='grc' dir='ltr'><em>ἐπιτρέπει</em></span> <span class='ocrx_word' id='word_1_233' title='bbox 1376 2067 1401 2097; x_wconf 87' lang='grc' dir='ltr'><em>ο</em></span> <span class='ocrx_word' id='word_1_234' title='bbox 1432 2053 1711 2109; x_wconf 77' lang='lat' dir='ltr'><em>(permiserit</em></span> <span class='ocrx_word' id='word_1_235' title='bbox 1739 2052 1855 2110; x_wconf 74' lang='lat' dir='ltr'><strong>lat..)</strong></span> 
     </span>
     <span class='ocr_line' id='line_1_26' title="bbox 198 2105 1885 2169; baseline 0.001 -15"><span class='ocrx_word' id='word_1_236' title='bbox 198 2113 300 2167; x_wconf 87' lang='grc' dir='ltr'><em>λαγ,</em></span> <span class='ocrx_word' id='word_1_237' title='bbox 332 2105 361 2167; x_wconf 82' lang='grc' dir='ltr'>ἢ</span> <span class='ocrx_word' id='word_1_238' title='bbox 397 2106 564 2167; x_wconf 80' lang='grc' dir='ltr'><em>ἐρίφου</em></span> <span class='ocrx_word' id='word_1_239' title='bbox 596 2105 625 2166; x_wconf 79' lang='grc' dir='ltr'>ἢ</span> <span class='ocrx_word' id='word_1_240' title='bbox 659 2107 804 2168; x_wconf 88' lang='grc' dir='ltr'><em>αρνὸς</em></span> <span class='ocrx_word' id='word_1_241' title='bbox 834 2128 863 2166; x_wconf 89' lang='grc' dir='ltr'><em>η</em></span> <span class='ocrx_word' id='word_1_242' title='bbox 897 2108 1073 2169; x_wconf 87' lang='grc' dir='ltr'><em>μόσχου</em></span> <span class='ocrx_word' id='word_1_243' title='bbox 1105 2106 1133 2168; x_wconf 81' lang='grc' dir='ltr'>ἢ</span> <span class='ocrx_word' id='word_1_244' title='bbox 1170 2109 1351 2168; x_wconf 79' lang='grc' dir='ltr'><em>ἐλάφου</em></span> <span class='ocrx_word' id='word_1_245' title='bbox 1383 2110 1460 2155; x_wconf 89' lang='lat' dir='ltr'><em>Or.</em></span> <span class='ocrx_word' id='word_1_246' title='bbox 1493 2125 1564 2168; x_wconf 88' lang='lat' dir='ltr'><em>ep.</em></span> <span class='ocrx_word' id='word_1_247' title='bbox 1597 2112 1737 2167; x_wconf 88' lang='lat' dir='ltr'>(unde</span> <span class='ocrx_word' id='word_1_248' title='bbox 1766 2112 1885 2156; x_wconf 85' lang='lat' dir='ltr'>Pau-</span> 
     </span>
     <span class='ocr_line' id='line_1_27' title="bbox 197 2166 1817 2240; baseline 0.001 -26"><span class='ocrx_word' id='word_1_249' title='bbox 197 2170 270 2214; x_wconf 83' lang='lat' dir='ltr'><em>lus</em></span> <span class='ocrx_word' id='word_1_250' title='bbox 301 2174 344 2225; x_wconf 89' lang='lat'><em>3,</em></span> <span class='ocrx_word' id='word_1_251' title='bbox 355 2171 455 2240; x_wconf 89' lang='grc'><em>6.3)</em></span> <span class='ocrx_word' id='word_1_252' title='bbox 503 2168 554 2213; x_wconf 85' lang='grc'><em>111</em></span> <span class='ocrx_word' id='word_1_253' title='bbox 585 2184 703 2215; x_wconf 85' lang='lat' dir='ltr'>vers.</span> <span class='ocrx_word' id='word_1_254' title='bbox 736 2171 818 2215; x_wconf 72' lang='lat' dir='ltr'>lat.</span> <span class='ocrx_word' id='word_1_255' title='bbox 851 2171 1006 2216; x_wconf 85' lang='lat' dir='ltr'>locum</span> <span class='ocrx_word' id='word_1_256' title='bbox 1038 2172 1327 2216; x_wconf 72' lang='lat' dir='ltr'><strong>commutant</strong></span> <span class='ocrx_word' id='word_1_257' title='bbox 1359 2167 1592 2226; x_wconf 87' lang='grc' dir='ltr'><em>ἐλάφου..</em></span> <span class='ocrx_word' id='word_1_258' title='bbox 1611 2166 1817 2228; x_wconf 85' lang='grc' dir='ltr'><em>.ἐρίφον.</em></span> 
     </span>
    </p>

    <p class='ocr_par' dir='ltr' id='par_1_6' title="bbox 196 2226 1887 2582">
     <span class='ocr_line' id='line_1_28' title="bbox 200 2226 1884 2301; baseline 0.001 -28"><span class='ocrx_word' id='word_1_259' title='bbox 200 2233 225 2273; x_wconf 82' lang='grc'><strong>7</strong></span> <span class='ocrx_word' id='word_1_260' title='bbox 257 2226 431 2273; x_wconf 82' lang='grc' dir='ltr'><em>πιτύαν</em></span> <span class='ocrx_word' id='word_1_261' title='bbox 463 2243 487 2273; x_wconf 87' lang='lat' dir='ltr'>c</span> <span class='ocrx_word' id='word_1_262' title='bbox 519 2230 652 2301; x_wconf 83' lang='lat' dir='ltr'>(corr.</span> <span class='ocrx_word' id='word_1_263' title='bbox 685 2230 757 2286; x_wconf 87' lang='grc' dir='ltr'><em>Ε).</em></span> <span class='ocrx_word' id='word_1_264' title='bbox 939 2227 1141 2286; x_wconf 81' lang='grc' dir='ltr'><em>πηκτικὴ</em></span> <span class='ocrx_word' id='word_1_265' title='bbox 1177 2229 1252 2286; x_wconf 85' lang='lat' dir='ltr'><strong>(cf.</strong></span> <span class='ocrx_word' id='word_1_266' title='bbox 1284 2230 1434 2274; x_wconf 82' lang='lat' dir='ltr'>Dioso.</span> <span class='ocrx_word' id='word_1_267' title='bbox 1469 2235 1518 2284; x_wconf 80' lang='lat'><em>2,</em></span> <span class='ocrx_word' id='word_1_268' title='bbox 1543 2233 1600 2274; x_wconf 85' lang='grc'><em>85</em></span> <span class='ocrx_word' id='word_1_269' title='bbox 1631 2230 1799 2280; x_wconf 82' lang='grc' dir='ltr'><em>κοινῶς</em></span> <span class='ocrx_word' id='word_1_270' title='bbox 1831 2228 1884 2275; x_wconf 76' lang='grc' dir='ltr'><em>δὲ</em></span> 
     </span>
     <span class='ocr_line' id='line_1_29' title="bbox 197 2284 1884 2361; baseline 0.001 -30"><span class='ocrx_word' id='word_1_271' title='bbox 197 2287 329 2332; x_wconf 77' lang='grc' dir='ltr'><em>πᾶσα</em></span> <span class='ocrx_word' id='word_1_272' title='bbox 359 2289 503 2332; x_wconf 86' lang='grc' dir='ltr'><em>πυτία</em></span> <span class='ocrx_word' id='word_1_273' title='bbox 533 2285 704 2345; x_wconf 84' lang='grc' dir='ltr'><em>πήσσει</em></span> <span class='ocrx_word' id='word_1_274' title='bbox 735 2286 822 2346; x_wconf 77' lang='grc' dir='ltr'><em>μὲν</em></span> <span class='ocrx_word' id='word_1_275' title='bbox 845 2306 902 2333; x_wconf 89' lang='grc' dir='ltr'><em>τα</em></span> <span class='ocrx_word' id='word_1_276' title='bbox 928 2289 1255 2361; x_wconf 82' lang='grc' dir='ltr'><em>διαλελυμένα,</em></span> <span class='ocrx_word' id='word_1_277' title='bbox 1287 2284 1390 2333; x_wconf 83' lang='grc' dir='ltr'><em>λύει</em></span> <span class='ocrx_word' id='word_1_278' title='bbox 1415 2287 1468 2333; x_wconf 78' lang='grc' dir='ltr'><em>δὲ</em></span> <span class='ocrx_word' id='word_1_279' title='bbox 1493 2286 1551 2332; x_wconf 78' lang='grc' dir='ltr'><em>τὰ</em></span> <span class='ocrx_word' id='word_1_280' title='bbox 1562 2289 1884 2360; x_wconf 64' lang='grc' dir='ltr'><em>συνεστῶτα)ε</em></span> 
     </span>
     <span class='ocr_line' id='line_1_30' title="bbox 198 2343 1887 2418; baseline 0.001 -27"><span class='ocrx_word' id='word_1_281' title='bbox 198 2345 400 2403; x_wconf 83' lang='grc' dir='ltr'><em>πεπτικὴ</em></span> <span class='ocrx_word' id='word_1_282' title='bbox 433 2361 458 2392; x_wconf 83' lang='lat' dir='ltr'>o</span> <span class='ocrx_word' id='word_1_283' title='bbox 491 2347 567 2404; x_wconf 87' lang='lat' dir='ltr'><strong>(cf.</strong></span> <span class='ocrx_word' id='word_1_284' title='bbox 599 2348 723 2405; x_wconf 78' lang='lat' dir='ltr'><em>E²p</em></span> <span class='ocrx_word' id='word_1_285' title='bbox 727 2350 859 2403; x_wconf 80' lang='lat'>,59).</span> <span class='ocrx_word' id='word_1_286' title='bbox 1019 2353 1045 2392; x_wconf 91' lang='grc'>8</span> <span class='ocrx_word' id='word_1_287' title='bbox 1077 2343 1106 2405; x_wconf 79' lang='grc' dir='ltr'>ἢ</span> <span class='ocrx_word' id='word_1_288' title='bbox 1140 2349 1289 2392; x_wconf 71' lang='grc' dir='ltr'><em>σίδιαε</em></span> <span class='ocrx_word' id='word_1_289' title='bbox 1335 2362 1420 2405; x_wconf 87' lang='lat' dir='ltr'><em>pro</em></span> <span class='ocrx_word' id='word_1_290' title='bbox 1451 2348 1525 2392; x_wconf 83' lang='lat' dir='ltr'><em>his</em></span> <span class='ocrx_word' id='word_1_291' title='bbox 1555 2344 1715 2405; x_wconf 82' lang='grc' dir='ltr'><em>ὄμφαξ</em></span> <span class='ocrx_word' id='word_1_292' title='bbox 1748 2348 1887 2418; x_wconf 81' lang='grc' dir='ltr'><em>ξηρος</em></span> 
     </span>
     <span class='ocr_line' id='line_1_31' title="bbox 199 2363 1885 2479; baseline 0.001 -29"><span class='ocrx_word' id='word_1_293' title='bbox 199 2405 388 2450; x_wconf 70' lang='lat' dir='ltr'>exhibet</span> <span class='ocrx_word' id='word_1_294' title='bbox 420 2406 495 2451; x_wconf 88' lang='lat' dir='ltr'><em>Or.</em></span> <span class='ocrx_word' id='word_1_295' title='bbox 530 2363 723 2464; x_wconf 78' lang='lat' dir='ltr'>(Paul.p)</span> <span class='ocrx_word' id='word_1_296' title='bbox 754 2407 869 2451; x_wconf 72' lang='lat' dir='ltr'>item</span> <span class='ocrx_word' id='word_1_297' title='bbox 899 2407 982 2452; x_wconf 77' lang='lat' dir='ltr'><strong>lat.</strong></span> <span class='ocrx_word' id='word_1_298' title='bbox 1016 2410 1107 2452; x_wconf 72' lang='lat' dir='ltr'>vet.</span> <span class='ocrx_word' id='word_1_299' title='bbox 1140 2408 1384 2463; x_wconf 77' lang='lat' dir='ltr'><em>omfacium</em></span> <span class='ocrx_word' id='word_1_300' title='bbox 1413 2407 1595 2453; x_wconf 78' lang='lat' dir='ltr'><em>siccum.</em></span> <span class='ocrx_word' id='word_1_301' title='bbox 1717 2403 1885 2479; x_wconf 87' lang='grc' dir='ltr'><em>φλοιὸν</em></span> 
     </span>
     <span class='ocr_line' id='line_1_32' title="bbox 198 2460 1883 2538; baseline 0.002 -30"><span class='ocrx_word' id='word_1_302' title='bbox 198 2478 236 2509; x_wconf 85' lang='lat' dir='ltr'><em>c.</em></span> <span class='ocrx_word' id='word_1_303' title='bbox 391 2470 445 2509; x_wconf 90' lang='lat'><em>10</em></span> <span class='ocrx_word' id='word_1_304' title='bbox 485 2466 567 2510; x_wconf 74' lang='grc' dir='ltr'><em>καὶ</em></span> <span class='ocrx_word' id='word_1_305' title='bbox 598 2467 707 2510; x_wconf 66' lang='grc' dir='ltr'><em>ειηίῐθ</em></span> <span class='ocrx_word' id='word_1_306' title='bbox 739 2463 898 2538; x_wconf 86' lang='grc' dir='ltr'><em>μήλων</em></span> <span class='ocrx_word' id='word_1_307' title='bbox 931 2481 955 2511; x_wconf 84' lang='lat'><em>0</em></span> <span class='ocrx_word' id='word_1_308' title='bbox 987 2467 1093 2523; x_wconf 83' lang='lat' dir='ltr'>(del.</span> <span class='ocrx_word' id='word_1_309' title='bbox 1125 2465 1195 2523; x_wconf 87' lang='lat' dir='ltr'><em>E).</em></span> <span class='ocrx_word' id='word_1_310' title='bbox 1357 2470 1411 2510; x_wconf 91' lang='lat'><em>11</em></span> <span class='ocrx_word' id='word_1_311' title='bbox 1453 2462 1595 2523; x_wconf 88' lang='grc' dir='ltr'><em>χυλὸν</em></span> <span class='ocrx_word' id='word_1_312' title='bbox 1626 2460 1824 2517; x_wconf 83' lang='grc' dir='ltr'><em>άλικος</em></span> <span class='ocrx_word' id='word_1_313' title='bbox 1854 2461 1883 2522; x_wconf 81' lang='grc' dir='ltr'>ἢ</span> 
     </span>
     <span class='ocr_line' id='line_1_33' title="bbox 196 2519 1793 2594; baseline 0.001 -27"><span class='ocrx_word' id='word_1_314' title='bbox 196 2520 426 2580; x_wconf 80' lang='grc' dir='ltr'><em>πτισάνης</em></span> <span class='ocrx_word' id='word_1_315' title='bbox 462 2519 492 2580; x_wconf 78' lang='grc' dir='ltr'><em>ἢ</em></span> <span class='ocrx_word' id='word_1_316' title='bbox 534 2522 708 2581; x_wconf 83' lang='grc' dir='ltr'><em>τράγου</em></span> <span class='ocrx_word' id='word_1_317' title='bbox 741 2520 770 2582; x_wconf 80' lang='grc' dir='ltr'>ἢ</span> <span class='ocrx_word' id='word_1_318' title='bbox 803 2521 972 2594; x_wconf 79' lang='grc' dir='ltr'><em>ὀρύζης</em></span> <span class='ocrx_word' id='word_1_319' title='bbox 1003 2525 1078 2571; x_wconf 89' lang='lat' dir='ltr'><em>Or.</em></span> <span class='ocrx_word' id='word_1_320' title='bbox 1113 2539 1183 2582; x_wconf 85' lang='lat' dir='ltr'><em>ep.</em></span> <span class='ocrx_word' id='word_1_321' title='bbox 1217 2546 1273 2562; x_wconf 94' lang='lat'>=</span> <span class='ocrx_word' id='word_1_322' title='bbox 1304 2525 1386 2570; x_wconf 73' lang='lat' dir='ltr'><strong>lat.</strong></span> <span class='ocrx_word' id='word_1_323' title='bbox 1417 2525 1619 2570; x_wconf 82' lang='lat' dir='ltr'><em>salicis</em></span> <span class='ocrx_word' id='word_1_324' title='bbox 1650 2524 1793 2581; x_wconf 82' lang='lat' dir='ltr'><strong>(sic).</strong></span> 
     </span>
    </p>

    <p class='ocr_par' dir='ltr' id='par_1_7' title="bbox 196 2583 1786 2656">
     <span class='ocr_line' id='line_1_34' title="bbox 196 2583 1786 2656; baseline 0.001 -29"><span class='ocrx_word' id='word_1_325' title='bbox 196 2587 282 2627; x_wconf 71' lang='lat' dir='ltr'><em>aiot</em></span> <span class='ocrx_word' id='word_1_326' title='bbox 291 2586 374 2655; x_wconf 75' lang='lat' dir='ltr'><em>pt.</em></span> <span class='ocrx_word' id='word_1_327' title='bbox 406 2588 489 2628; x_wconf 80' lang='lat' dir='ltr'><em>aut</em></span> <span class='ocrx_word' id='word_1_328' title='bbox 520 2585 665 2629; x_wconf 80' lang='lat' dir='ltr'><em>alicae</em></span> <span class='ocrx_word' id='word_1_329' title='bbox 703 2589 787 2628; x_wconf 78' lang='lat' dir='ltr'><em>aut</em></span> <span class='ocrx_word' id='word_1_330' title='bbox 815 2586 966 2629; x_wconf 70' lang='lat' dir='ltr'><em>orizae</em></span> <span class='ocrx_word' id='word_1_331' title='bbox 1005 2583 1242 2656; x_wconf 87' lang='lat' dir='ltr'><em>(nimirum</em></span> <span class='ocrx_word' id='word_1_332' title='bbox 1274 2599 1330 2629; x_wconf 85' lang='lat' dir='ltr'><em>ex</em></span> <span class='ocrx_word' id='word_1_333' title='bbox 1359 2583 1786 2641; x_wconf 80' lang='lat' dir='ltr'>Responsionibus).</span> 
     </span>
    </p>

    <p class='ocr_par' dir='ltr' id='par_1_8' title="bbox 200 2638 1885 2759">
     <span class='ocr_line' id='line_1_35' title="bbox 201 2638 1823 2714; baseline 0.001 -28"><span class='ocrx_word' id='word_1_334' title='bbox 201 2646 254 2686; x_wconf 77' lang='lat'><em>12</em></span> <span class='ocrx_word' id='word_1_335' title='bbox 287 2638 316 2698; x_wconf 80' lang='grc' dir='ltr'>ἢ</span> <span class='ocrx_word' id='word_1_336' title='bbox 349 2643 454 2698; x_wconf 80' lang='grc' dir='ltr'><em>(κλ.)</em></span> <span class='ocrx_word' id='word_1_337' title='bbox 487 2656 578 2687; x_wconf 88' lang='lat' dir='ltr'><em>om.</em></span> <span class='ocrx_word' id='word_1_338' title='bbox 611 2657 635 2687; x_wconf 89' lang='lat' dir='ltr'>c</span> <span class='ocrx_word' id='word_1_339' title='bbox 668 2642 742 2698; x_wconf 85' lang='lat' dir='ltr'><strong>(cf.</strong></span> <span class='ocrx_word' id='word_1_340' title='bbox 776 2643 841 2698; x_wconf 94' lang='lat' dir='ltr'><em>II,</em></span> <span class='ocrx_word' id='word_1_341' title='bbox 865 2646 953 2699; x_wconf 90' lang='lat'>41).</span> <span class='ocrx_word' id='word_1_342' title='bbox 994 2643 1051 2688; x_wconf 80' lang='lat' dir='ltr'><em>cf.</em></span> <span class='ocrx_word' id='word_1_343' title='bbox 1085 2638 1115 2699; x_wconf 82' lang='grc' dir='ltr'>ἢ</span> <span class='ocrx_word' id='word_1_344' title='bbox 1147 2644 1400 2699; x_wconf 77' lang='grc' dir='ltr'><em>κλυστῆρος</em></span> <span class='ocrx_word' id='word_1_345' title='bbox 1431 2643 1506 2688; x_wconf 86' lang='lat' dir='ltr'><em>Or.</em></span> <span class='ocrx_word' id='word_1_346' title='bbox 1539 2657 1610 2700; x_wconf 87' lang='lat' dir='ltr'><em>ep.</em></span> <span class='ocrx_word' id='word_1_347' title='bbox 1644 2643 1823 2714; x_wconf 85' lang='lat' dir='ltr'>(Paul..)</span> 
     </span>
     <span class='ocr_line' id='line_1_36' title="bbox 200 2697 1885 2773; baseline 0.001 -29"><span class='ocrx_word' id='word_1_348' title='bbox 200 2704 254 2745; x_wconf 84' lang='lat'><em>15</em></span> <span class='ocrx_word' id='word_1_349' title='bbox 287 2706 385 2752; x_wconf 87' lang='grc' dir='ltr'><em>τοῖς</em></span> <span class='ocrx_word' id='word_1_350' title='bbox 415 2702 793 2758; x_wconf 84' lang='grc' dir='ltr'><em>φλεγμαινουσης</em></span> <span class='ocrx_word' id='word_1_351' title='bbox 824 2702 924 2758; x_wconf 82' lang='lat' dir='ltr'><strong>(sic)</strong></span> <span class='ocrx_word' id='word_1_352' title='bbox 957 2715 995 2746; x_wconf 89' lang='lat' dir='ltr'><em>c.</em></span> <span class='ocrx_word' id='word_1_353' title='bbox 1193 2700 1264 2753; x_wconf 82' lang='grc' dir='ltr'><em>οἷς</em></span> <span class='ocrx_word' id='word_1_354' title='bbox 1297 2699 1421 2746; x_wconf 87' lang='grc' dir='ltr'><em>ἐστὶν</em></span> <span class='ocrx_word' id='word_1_355' title='bbox 1453 2718 1540 2759; x_wconf 85' lang='grc' dir='ltr'><em>μεν</em></span> <span class='ocrx_word' id='word_1_356' title='bbox 1571 2697 1885 2773; x_wconf 78' lang='grc' dir='ltr'><em>περὶῶδυνίας</em></span> 
     </span>
    </p>
   </div>
   <div class='ocr_carea' id='block_1_6' title="bbox 198 2755 1969 2818">
    <p class='ocr_par' dir='ltr' id='par_1_9' title="bbox 198 2755 1969 2818">
     <span class='ocr_line' id='line_1_37' title="bbox 198 2755 1969 2818; baseline 0.001 -14"><span class='ocrx_word' id='word_1_357' title='bbox 198 2774 223 2804; x_wconf 84' lang='lat' dir='ltr'><strong>c</strong></span> <span class='ocrx_word' id='word_1_358' title='bbox 256 2762 387 2816; x_wconf 83' lang='lat' dir='ltr'>(corr</span> <span class='ocrx_word' id='word_1_359' title='bbox 419 2760 472 2816; x_wconf 86' lang='lat' dir='ltr'><em>E,</em></span> <span class='ocrx_word' id='word_1_360' title='bbox 505 2760 585 2816; x_wconf 92' lang='lat' dir='ltr'><em>qui</em></span> <span class='ocrx_word' id='word_1_361' title='bbox 618 2757 696 2804; x_wconf 82' lang='grc' dir='ltr'><em>ἐπὶ</em></span> <span class='ocrx_word' id='word_1_362' title='bbox 728 2759 1058 2818; x_wconf 68' lang='grc' dir='ltr'>μετὰ,ᾳ1111)118</span> <span class='ocrx_word' id='word_1_363' title='bbox 1090 2761 1250 2805; x_wconf 84' lang='lat' dir='ltr'><strong>addidi</strong></span> <span class='ocrx_word' id='word_1_364' title='bbox 1273 2761 1388 2818; x_wconf 78' lang='grc' dir='ltr'><em>τοῦ).</em></span> <span class='ocrx_word' id='word_1_365' title='bbox 1513 2766 1565 2805; x_wconf 83' lang='grc'><em>17</em></span> <span class='ocrx_word' id='word_1_366' title='bbox 1598 2755 1627 2816; x_wconf 82' lang='grc' dir='ltr'>ἢ</span> <span class='ocrx_word' id='word_1_367' title='bbox 1660 2757 1882 2817; x_wconf 81' lang='grc' dir='ltr'><em>καθάπερ</em></span> <span class='ocrx_word' id='word_1_368' title='bbox 1968 2772 1969 2775; x_wconf 76' lang='grc'>’</span> 
     </span>
    </p>
   </div>
   <div class='ocr_carea' id='block_1_7' title="bbox 197 2818 1881 2935">
    <p class='ocr_par' dir='ltr' id='par_1_10' title="bbox 197 2818 1881 2935">
     <span class='ocr_line' id='line_1_38' title="bbox 197 2818 1881 2935; baseline 0.001 -72"><span class='ocrx_word' id='word_1_369' title='bbox 197 2833 235 2922; x_wconf 60' lang='grc' dir='ltr'><strong><em>ὃ</em></strong></span> <span class='ocrx_word' id='word_1_370' title='bbox 262 2820 348 2923; x_wconf 43' lang='lat' dir='ltr'><em>(ez</em></span> <span class='ocrx_word' id='word_1_371' title='bbox 348 2818 527 2935; x_wconf 53' lang='lat'>103213)</span> <span class='ocrx_word' id='word_1_372' title='bbox 525 2833 620 2865; x_wconf 73' lang='lat' dir='ltr'><em>non</em></span> <span class='ocrx_word' id='word_1_373' title='bbox 651 2820 785 2865; x_wconf 78' lang='lat' dir='ltr'><em>aliter</em></span> <span class='ocrx_word' id='word_1_374' title='bbox 814 2834 950 2877; x_wconf 78' lang='lat' dir='ltr'><strong><em>quam</em></strong></span> <span class='ocrx_word' id='word_1_375' title='bbox 981 2820 1281 2878; x_wconf 78' lang='lat' dir='ltr'><em>dysinteriam</em></span> <span class='ocrx_word' id='word_1_376' title='bbox 1311 2834 1525 2866; x_wconf 78' lang='lat' dir='ltr'><strong><em>curamus</em></strong></span> <span class='ocrx_word' id='word_1_377' title='bbox 1556 2820 1645 2865; x_wconf 79' lang='lat' dir='ltr'>ete.</span> <span class='ocrx_word' id='word_1_378' title='bbox 1684 2833 1758 2877; x_wconf 83' lang='lat' dir='ltr'><em>ap.</em></span> <span class='ocrx_word' id='word_1_379' title='bbox 1799 2820 1881 2865; x_wconf 77' lang='lat' dir='ltr'><strong>lat.</strong></span> 
     </span>
     <span class='ocr_line' id='line_1_39' title="bbox 240 2894 261 2922; baseline 0 0"><span class='ocrx_word' id='word_1_380' title='bbox 240 2894 261 2922; x_wconf 78' lang='grc' dir='ltr'><strong>Γ</strong></span> 
     </span>
    </p>
   </div>
  </div>
 </body>
</html>
