2014 3162
0 2699 9 2835 αφ’-...Η
0 2544 7 2666 o-v-v2

197 575 217 608 5

177 1079 219 1131 ιο

177 1504 218 1536 15

177 1911 219 1943 20

178 2316 220 2349 25

886 96 1292 150 —184—

241 227 272 297 ἡ
323 230 376 281 δὲ
424 227 558 292 ἐντὸς
604 227 903 296 στολιδοόδης
947 227 1183 296 τραχύτης
1229 234 1398 296 χεῖλος.
1485 227 1704 296 διαφέρει
1751 228 1805 281 δὲ
1841 233 1929 296 τῆς

241 308 318 363 ἐπ’
362 308 561 378 ἀνδρῶν
599 307 630 378 ἡ
670 311 750 363 ἐπὶ
787 315 1005 377 θηλειῶν
1042 307 1218 372 κύστις.
1294 310 1453 376 ἐκείνη
1494 309 1581 376 μὲν
1620 308 1713 379 γὰρ
1752 313 1930 377 μείζων

242 392 338 444 ἐστὶ
377 392 459 443 καὶ
499 389 696 444 σκολιὸν
734 393 830 460 ἔχει
867 388 953 444 τὸν
991 388 1247 458 τράχηλον,
1295 389 1417 458 αῦτη
1457 390 1512 443 δὲ
1551 389 1804 460 μικροτέρα
1842 391 1926 444 καὶ

243 468 624 540 εὖθυτράχηλος.

391 550 804 620 ὑποδεδειγμένης
851 552 906 604 δὲ
943 558 1029 620 τῆς
1067 550 1263 620 φύσεως
1299 558 1397 605 τῶν
1434 555 1729 621 γυναικείων
1768 556 1928 620 μερῶν

242 634 320 686 ἐπὶ
358 632 415 685 τὰ
453 639 538 700 τῆς
562 629 746 700 μήτρας
770 635 904 702 ἔργα,
942 631 1211 700 καθάρσεις
1243 631 1508 700 συλλήψεις
1540 635 1816 699 κυοφορίας
1844 633 1928 685 καὶ

242 712 357 781 μετὰ
395 717 638 766 τελείωσιν
676 711 926 778 άποτέξεις
958 717 1342 782 μεταβαίνοντες,
1381 719 1438 784 τῇ
1470 718 1655 783 φυσικῇ
1686 712 1927 782 χρώμενοι

241 793 371 858 τάξει
411 800 604 862 πρῶτον
643 797 849 864 ἐροῦμεν
887 796 997 864 περὶ
1036 794 1281 863 ἐμμήνων.

598 961 670 1009 IV
725 959 871 1026 Περὶ
911 956 1189 1026 ἐμμήνων
1227 955 1588 1024 καθάρσεως.

396 1081 479 1129 19.
554 1074 619 1129 Τὸ
667 1077 886 1144 ἔμμηνον
933 1073 1207 1143 ὠνόμασται
1254 1077 1336 1128 καὶ
1373 1074 1677 1144 καταμήνιον
1715 1073 1932 1129 ἀπὸτοῦ

241 1155 362 1209 κατὰ
401 1161 535 1225 μῆνα
572 1160 846 1226 γίγνεσθαι,
885 1158 968 1209 καὶ
1007 1156 1267 1225 ἐπιμήνιον
1307 1155 1379 1210 ’ότι
1416 1157 1499 1208 καὶ
1528 1154 1686 1224 τροφὴ
1718 1159 1931 1228 γίγνεται

240 1243 337 1290 τῶν
377 1237 622 1306 ἐμβρύων,
664 1235 728 1300 ὡς
759 1238 842 1289 καὶ
879 1243 976 1290 τῶν
1014 1239 1346 1304 πλοιζομένων
1377 1235 1433 1289 τὰ
1465 1239 1532 1300 εἰς
1571 1235 1763 1306 τροφὴν
1809 1259 1930 1306 παρ·

242 1317 569 1386 εσκευασμένα
616 1317 851 1386 ἐπιμήνια
897 1324 1154 1386 καλοῦμεν.
1239 1316 1421 1388 λέγεται
1462 1318 1515 1370 δὲ
1552 1320 1635 1371 καὶ
1672 1316 1931 1387 κάθαρσις,

241 1401 345 1453 ἐπεὶ
389 1398 561 1463 καθώς
611 1401 764 1453 ἔνιοι
817 1398 1012 1469 λέγουσι
1065 1405 1354 1469 περισσεῦον
1400 1396 1520 1466 αἷμα
1571 1405 1659 1452 τοῦ
1713 1395 1934 1468 σώματος

243 1479 581 1550 ἀποκρίνουσα
618 1479 867 1550 κάθαρσιν
904 1479 1102 1549 παρέχει
1140 1486 1205 1554 τῷ
1244 1478 1440 1548 σώματι.
1501 1479 1554 1534 τὸ
1590 1476 1755 1548 μέντοι
1785 1503 1932 1534 κατα-

242 1561 423 1630 μήνιον
478 1563 557 1615 ἐπὶ
612 1562 700 1630 μὲν
754 1568 852 1615 τῶν
903 1565 1138 1615 πλείστων
1193 1567 1444 1632 γυναικῶν
1498 1560 1751 1630 εἰλικρινές
1801 1564 1930 1616 ἐστιν

243 1640 386 1710 αἷμα,
433 1641 510 1696 ἐπ’
562 1644 708 1696 ἐνίων
756 1643 810 1696 δὲ
859 1641 1065 1712 ὑγρασία
1111 1641 1329 1711 ῦφαιμος
1375 1640 1407 1710 ἢ
1447 1641 1566 1711 ἰχώρ
1603 1664 1697 1710 τις,
1746 1640 1812 1707 ὡς
1850 1644 1930 1696 ἐπὶ

241 1730 337 1778 τῶν
379 1722 571 1794 ἀλόγων
610 1723 762 1798 ζῴων.
826 1722 975 1778 οὐδὲν
1015 1724 1068 1776 δὲ
1106 1723 1293 1777 τούτων
1330 1722 1464 1791 παρὰ
1496 1721 1666 1790 φύσιν,
1707 1720 1772 1787 ὥς
1810 1723 1932 1777 ἄνευ

244 1809 522 1875 δυσχερείας
568 1804 894 1875 ἀποκρίνεται.
972 1804 1049 1859 διὸ
1096 1804 1200 1858 κατ’
1253 1804 1453 1859 ἔννοιάν
1492 1806 1590 1858 ἐστι
1627 1804 1933 1873 καταμήνιον

243 1884 363 1955 αἷμα
408 1884 440 1955 ἢ
482 1875 735 1957 ῗινάλογον
781 1885 934 1958 ὑγρὸν
982 1892 1205 1955 φυσικῶς
1249 1885 1371 1939 κατὰ
1421 1885 1631 1956 χρόνους
1671 1885 1931 1951 εὐτάκτους

243 1966 658 2036 ἀποκρινόμενον,
730 1967 932 2036 μάλιστα
995 1966 1077 2021 διὰ
1124 1966 1359 2036 μήτρας(
1407 1965 1464 2020 τὰ
1519 1967 1609 2035 μὲν
1663 1962 1755 2021 οῦν
1808 1967 1930 2021 ἅλλα

244 2047 463 2116 φανερά,
510 2056 575 2120 τῷ
622 2050 675 2102 δὲ
723 2049 808 2102 διὰ
855 2049 1038 2118 μήτρας
1082 2048 1135 2103 τὸ
1183 2046 1387 2117 μάλιστα
1431 2048 1708 2118 πρόσκειται
1757 2048 1840 2102 διὰ
1879 2049 1930 2103 τὸ

243 2132 325 2183 καὶ
364 2129 461 2184 ἀπὸ
501 2136 587 2184 τοῦ
626 2135 911 2201 γυναικείου
942 2130 1130 2185 κόλπου
1169 2133 1431 2200 γίγνεσθαί
1464 2151 1580 2184 ποτε
1617 2129 1880 2199 κάθαρσιν.

359 2217 441 2265 20.
511 2210 563 2266 τὸ
612 2212 665 2265 δὲ
711 2214 929 2281 ἔμμηνον
975 2214 1283 2280 ἐπιφαίνεται
1328 2217 1522 2281 πρῶτον
1574 2212 1686 2279 περὶ
1730 2209 1782 2264 τὸ
1828 2229 1929 2264 τεσ-

246 2294 681 2361 σαρεσκαιδέκατον
735 2295 838 2357 ἔτος
883 2292 1005 2346 κατὰ
1051 2292 1103 2347 τὸ
1151 2300 1399 2359 πλεῖστον,
1451 2291 1525 2346 ὅτε
1573 2293 1654 2344 καὶ
1699 2290 1751 2345 τὸ
1798 2290 1931 2361 ἡβᾶν

246 2375 326 2426 καὶ
365 2373 416 2428 τὸ
457 2378 783 2443 διογκοῦσθαι
821 2373 935 2438 τοὺς
974 2374 1199 2443 μαστούς.
1261 2372 1313 2427 τὸ
1354 2374 1407 2426 δὲ
1455 2379 1650 2441 πλῆθος
1687 2379 1772 2441 τῆς
1809 2372 1929 2427 ἄπο-

367 2486 388 2523 1
425 2477 556 2532 ἐντὸς
588 2479 755 2552 στόὸης
789 2483 890 2540 (sic)
926 2479 1188 2537 εὑρίσκεται
1217 2484 1223 2538 Ι
1246 2482 1480 2556 διηνεκῶς
1503 2477 1651 2524 αυτὸν
1674 2476 1731 2525 ὃν
1754 2478 1931 2538 τρόπον

246 2535 389 2596 τραχὺ
424 2540 506 2595 τῆς
537 2537 675 2596 χυλὸς
707 2543 827 2597 ὃιαφ
987 2542 1088 2598 (sic)
1122 2541 1204 2598 τῆς
1237 2537 1312 2585 ἐπ’
1349 2557 1393 2586 α.
1428 2554 1452 2584 ο
1487 2542 1609 2595 (cum
1640 2539 1747 2584 albo
1781 2545 1807 2584 3
1841 2555 1928 2585 cm

244 2600 355 2654 post
386 2599 538 2654 ὃιαφ).
594 2613 707 2644 corr.
742 2599 816 2645 Or.
851 2600 1011 2656 (Da1.).
1135 2605 1159 2644 3
1193 2595 1376 2644 σκολιὸν
1410 2597 1507 2642 Or.:
1541 2595 1739 2672 σκληρὸν
1773 2613 1809 2644 ο.

248 2663 271 2701 7
306 2659 669 2716 μεταβαίνοντες
701 2659 818 2714 (sine
850 2659 997 2728 albo)
1009 2673 1097 2704 om.
1133 2673 1156 2703 c
1190 2658 1311 2713 (add.
1337 2657 1413 2714 D).
1535 2663 1591 2701 14
1621 2657 1836 2714 λέγουσιν
1869 2673 1932 2708 ως

245 2731 346 2773 περ.
381 2730 405 2759 c
439 2718 570 2771 (corr.
590 2717 674 2786 Ε).
819 2718 902 2761 τοῦ
935 2732 1045 2788 σωμ.
1081 2717 1168 2761 del
1202 2716 1254 2761 E.
1376 2721 1432 2760 20
1464 2712 1708 2772 αναλόγως
1739 2731 1763 2761 0
1798 2719 1932 2772 (corr.
1963 2748 1973 2751 x

245 2774 314 2831 E).
467 2779 522 2819 22
555 2772 607 2818 τὸ
639 2773 692 2819 δε
727 2777 767 2821 ὃ.
803 2793 846 2833 μ.
882 2774 1072 2832 στόματι
1107 2772 1302 2846 μάλιστα
1334 2788 1358 2818 ο
1394 2778 1526 2830 (corr.
1558 2775 1628 2844 Ε).
1774 2780 1830 2819 23
1861 2775 1931 2831 γί-

246 2837 416 2878 νεσθαι
450 2850 561 2878 ποτε
595 2851 636 2879 κ.
670 2835 772 2890 (sie)
805 2849 842 2879 c.
967 2839 1024 2878 24
1055 2832 1284 2889 πρότερον
1316 2848 1341 2877 ο
1374 2836 1505 2888 (corr.
1539 2829 1590 2878 τὸ
1624 2851 1697 2889 πρ.
1732 2834 1802 2891 Ε).
