2014 3162
190 609 210 642 5

167 1015 208 1047 10

164 1420 206 1453 15

163 1828 205 1860 20

237 261 361 334 οὖρα
422 267 800 333 παρεμποδίζειν
860 261 893 332 ἢ
956 262 1022 331 μὴ
1085 262 1207 330 πρὸς
1263 262 1412 332 λόγον
1464 270 1549 331 τῆς
1586 262 1925 334 ’διογκῶσεως

237 351 416 409 κοινῶς
468 366 522 415 γε
577 344 675 412 μὴν
722 349 974 416 φλεγμονῇ
1019 342 1221 411 ὑστέρας
1276 344 1548 414 συμπάσχει
1599 344 1789 413 κεφαλὴ
1841 346 1927 399 καὶ

235 424 495 494 τράχηλος,
551 426 862 494 ἕπιγαστρίου
917 424 971 476 δὲ
1026 425 1109 476 καὶ
1154 428 1465 494 περιτοναίου
1512 424 1636 492 πρὸς
1680 424 1846 496 ὀλίγον
1891 423 1926 494 ἢ

237 505 347 560 οὔδ’
392 506 532 569 ὅλως.

349 594 434 641 23.
489 588 572 640 καὶ
610 585 808 653 τοιαύτη
849 585 938 654 μὲν
975 583 1007 654 ἡ
1048 584 1288 655 διάκρισις
1325 592 1411 655 τῆς
1449 586 1770 655 σημειῶσεως.
1845 589 1928 641 ἐπὶ

233 669 325 738 τὴν
362 671 632 738 θεραπείαν
678 667 733 720 δὲ
780 665 881 735 ἤδη
931 665 1018 720 τὸν
1066 666 1215 738 λόγον
1251 668 1506 737 τρέψομεν.
1582 669 1926 738 παραληπτέον

233 754 404 805 τοίνυν
454 748 577 817 ὅπερ
632 750 914 817 ἔμπροσθεν
975 749 1056 801 ἐπὶ
1107 754 1192 816 τῆς
1252 747 1367 816 μετὰ
1421 747 1582 803 πόνου
1634 750 1926 819 γιγνομένης

232 831 523 899 καθάρσεως
562 828 840 899 εἰρήκαμεν,
878 827 984 882 κατ’
1013 827 1165 899 ἀρχὰς
1201 833 1568 894 κατακλίνοντες
1606 832 1660 883 έν
1699 828 1924 898 οἰκήματι

233 918 456 985 φωτεινῷ
502 913 585 964 καὶ
631 911 911 979 συμμέτρως
959 909 1183 982 ἆλεεινῷ,
1231 907 1444 979 ἡσυχίαν
1489 912 1803 979 ἐμποιοῦντες
1839 913 1922 964 καὶ

233 994 434 1047 πάντων
472 991 683 1062 ἆποχήν,
722 995 955 1064 ψηλαφία
992 989 1232 1060 χρώμενοι
1269 993 1359 1044 καὶ
1391 991 1700 1061 διακρατήσει
1739 998 1923 1046 σκελῶν

231 1077 313 1129 καὶ
350 1080 573 1142 καρπῶν,
622 1072 943 1142 θερμάσματα
980 1072 1309 1142 προσάγοντες
1346 1075 1430 1125 καὶ
1468 1075 1799 1143 ἕπιβρέχοντες
1837 1075 1920 1126 καὶ

232 1158 489 1219 σκέποντες
527 1157 676 1224 ἐρίοις
713 1161 974 1223 καθαροῖς,
1013 1156 1405 1223 έγχυματίζοντες
1434 1157 1519 1207 καὶ
1548 1160 1803 1218 κενοῦντες
1835 1153 1918 1208 διὰ

231 1243 497 1305 κλυστῆρος
547 1234 773 1289 ἀνετικοῦ
810 1234 901 1303 τὴν
955 1238 1146 1288 κοιλίαν
1190 1234 1350 1304 ἤγουν
1397 1233 1462 1288 δι’
1506 1237 1673 1289 ε’λαίου
1718 1237 1922 1306 γλυκέος

230 1321 313 1371 καὶ
350 1323 541 1386 θερμοῦ
578 1318 661 1369 καὶ
698 1322 796 1369 τῶν
835 1314 1039 1384 ὁμοίων,
1084 1314 1237 1370 ποτὸν
1276 1316 1330 1369 δὲ
1368 1318 1446 1368 καὶ
1482 1315 1757 1385 διάκλυσμα
1786 1315 1924 1385 ὕδωρ

230 1398 447 1469 θερμόν,
508 1400 591 1451 καὶ
651 1396 845 1466 τροφὴν
899 1397 1233 1467 ῥοφηματῶὸη
1286 1396 1494 1466 θερμήν.
1598 1440 1608 1450 .
1634 1440 1645 1450 .
1672 1396 1813 1466 ,μετὰ
1867 1398 1923 1451 δὲ

229 1487 378 1533 ταῦτα
423 1477 802 1546 καταπλάσματα
850 1484 1194 1548 παρηγορικῶς
1247 1477 1445 1531 ἀνιέντα
1490 1479 1574 1531 καὶ
1620 1477 1791 1542 σικύας
1835 1480 1919 1532 καὶ

229 1556 593 1629 κατασχασμόν,
641 1563 859 1628 βδελλῶν
908 1558 1194 1628 προσβολὴν
1232 1561 1313 1612 καὶ
1352 1558 1626 1630 έγκάθισμα
1663 1558 1696 1627 ἢ
1735 1563 1921 1628 πυρίαν

228 1641 318 1710 τὴν
372 1640 453 1694 διὰ
510 1640 763 1711 σπόγγων,
818 1642 978 1693 ἕνεσιν
1031 1643 1197 1694 ἐλαίου
1251 1646 1445 1710 θερμοῦ
1499 1638 1582 1692 διὰ
1634 1646 1918 1708 κλυστῆρος,

229 1729 422 1777 πεσσῶν
453 1721 754 1792 ἆπεριέργων
783 1721 1067 1790 πρόσθεσιν.
1118 1763 1129 1774 .
1156 1763 1167 1774 .
1193 1722 1299 1774 .καὶ
1331 1722 1776 1790 μαλακτικωτέρους
1806 1739 1919 1774 πεσ-

231 1803 348 1867 σοὺς
394 1806 668 1872 προστίθου
715 1802 922 1870 λουτρόν
967 1824 1016 1855 τε
1065 1804 1148 1855 καὶ
1185 1805 1416 1869 ποικίλην
1453 1800 1667 1870 τροφήν,
1718 1801 1922 1871 ὕστερον

230 1887 283 1939 δὲ
324 1883 462 1939 οἶνον
500 1882 750 1952 αὐστηρόν
788 1885 870 1936 καὶ
909 1882 1084 1936 λεπτὸν
1121 1882 1367 1950 ὖδατῶδη,

343 1973 427 2019 24.
495 1971 718 2033 πυρετῶν
772 1965 826 2017 δὲ
880 1966 1265 2034 ἐπιγιγνομένων
1321 1962 1413 2019 οςῦκ
1466 1964 1778 2028 ἐξαλλακτέον
1831 1962 1921 2031 τὴν

229 2048 532 2115 ἐπιμέλειαν,
560 2047 814 2114 πειρατέον
854 2046 907 2098 δὲ
945 2044 1084 2109 ὅπως
1113 2044 1171 2098 τὰ
1204 2045 1294 2113 μὲν
1325 2046 1380 2097 ἐν
1410 2048 1741 2114 παροξυσμοῖς
1770 2043 1921 2113 πράσ-

347 2227 372 2267 3
407 2221 460 2266 δε
493 2222 551 2266 E:
586 2219 635 2266 τὲ
670 2235 708 2265 c.
831 2225 857 2264 5
892 2217 943 2265 ἐν
976 2222 1031 2278 τῆ
1056 2221 1296 2276 θεραπεία
1321 2217 1374 2264 δὲ
1400 2233 1438 2263 c.
1565 2225 1588 2264 7
1623 2218 1914 2287 ἕμπροσθενε

227 2282 430 2338 v.11,10.
554 2284 581 2324 8
613 2281 868 2336 sequuntur
898 2282 1005 2338 post
1036 2277 1293 2337 εἰρήκαμεν
1327 2294 1369 2322 v.
1405 2282 1550 2323 8—15
1582 2278 1827 2324 Aetiana
1813 2294 1844 2323 1.
1877 2293 1916 2324 e.

228 2340 434 2386 Soranea
465 2339 541 2396 (cf.
574 2340 676 2411 lat.)
708 2341 762 2383 ut
792 2339 979 2384 videtur
1010 2354 1066 2385 ex
1097 2339 1399 2393 Philumeno‚
1431 2337 1550 2383 sicut
1581 2352 1720 2395 supra
1750 2338 1817 2394 II,
1845 2343 1914 2383 17.

289 2405 343 2443 13
374 2397 524 2456 ἤγουν
548 2424 604 2431 ——
631 2394 806 2468 ὁμοίων
838 2411 928 2443 om.
961 2399 1067 2443 Aet.
1161 2402 1214 2442 15
1247 2400 1338 2454 θερ
1314 2396 1433 2455 ρμόν
1466 2395 1581 2441 ἔστω
1614 2410 1639 2440 c
1673 2397 1743 2454 (ub
1771 2373 1913 2472 A’et.).
1944 2423 1946 2425 ·

228 2458 393 2503 deinde
425 2457 507 2501 καὶ
531 2483 586 2490 —
611 2453 804 2527 θερμήν
832 2470 921 2502 om.
954 2458 1081 2514 Aet„
1123 2458 1203 2513 qui
1235 2469 1396 2501 eorum
1427 2457 1531 2501 loco
1562 2455 1695 2500 addit
1724 2455 1806 2500 καὶ
1837 2453 1917 2513 §o-

229 2533 363 2574 φημοι
402 2514 657 2572 πτισσάνης
696 2513 854 2573 χυλός,
902 2530 1019 2573 quae
1059 2518 1106 2562 et
1143 2517 1249 2573 ipsa
1277 2515 1423 2560 habet
1454 2529 1501 2570 c,
1544 2514 1664 2558 sicut
1695 2528 1815 2572 quae
1846 2528 1917 2559 se-

228 2577 432 2648 quuntur
461 2574 664 2620 Aetiana
695 2575 1015 2634 σφοδροτέρας
1039 2602 1093 2608 --
1120 2576 1327 2632 σχινίνης
1357 2589 1402 2631 p.
1435 2577 1535 2630 288,
1561 2577 1646 2617 5—-
1653 2578 1708 2617 17
1740 2574 1795 2619 D.

228 2631 343 2692 μετὰ
384 2631 437 2678 δε
477 2634 628 2677 ταῦτα
674 2647 736 2678 se.
767 2635 809 2678 si
831 2636 1184 2706 perseveraverit
1212 2635 1364 2689 fervor
1395 2633 1515 2688 (lat.)
1546 2645 1719 2677 novum
1753 2632 1917 2677 Sora-ni

226 2694 282 2737 fr.
315 2707 340 2738 c
371 2709 416 2751 p.
449 2696 654 2763 288,st
809 2697 862 2737 16
908 2690 1073 2743 σικύας
1104 2693 1164 2737 Ε.
1205 2692 1373 2736 σικυᾶν
1409 2692 1511 2748 (sic)
1545 2705 1583 2736 c.
1738 2697 1791 2736 17
1832 2691 1915 2735 καὶ

229 2749 363 2809 (ἔγκ.)
395 2752 455 2796 E:
489 2745 518 2808 ἢ
552 2765 590 2796 c.
685 2756 737 2795 19
770 2754 879 2808 post
908 2748 1169 2808 πρόσθεσιν
1200 2751 1400 2796 Aetiana
1431 2766 1476 2807 p.
1497 2755 1600 2806 288,
1610 2755 1724 2794 21—-
1730 2755 1830 2806 289,
1843 2755 1913 2796 17.

286 2812 367 2855 καὶ
399 2813 485 2856 etc
520 2824 581 2855 sc.
613 2814 872 2855 oecurrente
895 2813 1038 2868 plena
1069 2811 1369 2856 declinatione
1401 2810 1536 2866 (latu)
1718 2814 1773 2854 21
1807 2810 1918 2866 post

227 2867 449 2926 ὑδατώδη
482 2870 680 2915 Aetiana
711 2884 755 2926 p.
782 2873 883 2927 289,
911 2875 1099 2917 17—-26,
