2014 3162
876 135 1273 187 —338—

236 274 385 334 ληλον
437 265 619 335 τρόπον
667 264 692 320 ὁ
738 270 985 330 κίνδυνος.
1071 270 1114 319 εἰ
1167 266 1255 334 μὲν
1307 265 1401 336 γὰρ
1455 266 1926 336 φλεβοτομήσαιμεν,

238 346 491 415 συντόμως
545 346 871 416 ἆπολέσαιμεν
924 345 988 399 ἂν
1042 346 1132 415 τὴν
1177 355 1389 417 γυναῖκα
1436 347 1551 416 μετὰ
1596 353 1928 417 φλεβοτομίαν

237 430 320 481 καὶ
359 431 695 497 αἱμορραγίαν.
757 427 906 481 πάλιν
946 428 998 480 δὲ
1039 432 1082 480 εἰ
1119 428 1184 496 μὴ
1217 433 1631 497 φλεβοτομοῦντες
1661 428 1927 498 ἆφέλοιμεν

239 507 357 577 αἷμα
404 515 681 578 φλεγμονῆς
728 508 939 578 μεγάλης
977 507 1317 577 ὑπαρχούσης,
1369 508 1658 579 ἀβοήθητον
1696 510 1928 579 περιοψό-

194 613 214 646 5
239 599 369 659 μεθα
415 589 504 658 τὴν
549 588 852 658 κάμνουσαν.
940 588 1088 643 οὐδὲν
1133 589 1227 659 γὰρ
1274 589 1399 644 οὕτω
1450 590 1699 644 διακόπτει
1742 590 1828 644 τὸν
1873 593 1928 644 ἐν

238 677 490 741 φλεγμονῇ
528 673 767 723 κίνδυνον
807 669 874 733 ὦς
913 675 1222 739 φλεβοτομία.

352 754 474 818 φασὶ
506 753 559 804 δέ
589 772 750 814 τινες
782 753 864 804 καὶ
894 751 1015 803 κατὰ
1039 750 1366 805 ἆντιπάθειαν
1391 754 1496 806 ἔνια
1519 761 1679 807 ποιεῖν
1702 752 1929 822 καθάπερ

240 838 479 902 μαγνῆτιν
516 835 664 885 λίθον
701 833 784 884 καὶ
822 831 907 885 τὸν
946 831 1088 887 &mov
1127 836 1210 886 καὶ
1249 839 1445 902 λαγωοῦ
1483 838 1662 887 πυτίαν
1693 836 1776 887 καὶ
1807 833 1927 887 ἄλλα

239 912 347 966 τινὰ
393 918 491 966 τῶν
537 911 843 981 περιάπτων,
890 911 964 976 οἷς
1009 912 1149 982 ἡμεῖς
1188 914 1248 968 οὗ
1287 916 1599 983 προσέχομεν.
1676 914 1768 968 οὐκ
1806 914 1929 968 ἄπο-

176 1018 218 1050 10
241 995 485 1048 κωλυτέον
533 994 586 1046 δὲ
631 993 722 1061 τὴν
768 993 1061 1063 παράληψιν
1100 994 1275 1048 αὐτῶν.
1349 997 1435 1049 καὶ
1473 995 1567 1064 γὰρ
1606 999 1649 1048 εἰ
1687 996 1842 1064 μηδὲν
1881 997 1930 1058 ἐξ

239 1079 439 1139 έυθείας
484 1077 681 1144 παρέχει
727 1075 780 1129 τὸ
826 1079 1117 1144 περίαπτον,
1165 1076 1268 1130 ἀλλ’
1313 1071 1406 1130 οῦν
1445 1076 1510 1129 δι’
1556 1079 1751 1140 ἐλπίδος
1783 1075 1930 1130 εὔθυ-

240 1159 446 1226 μοτέραν
484 1156 574 1225 τὴν
611 1156 902 1224 κάμνουσαν
938 1156 1059 1224 τάχα
1097 1158 1307 1226 παρέξει.

655 1323 754 1371 XII
806 1319 953 1386 Περὶ
993 1322 1098 1388 ῥοῦ
1136 1323 1508 1388 γυναικείου.

354 1444 438 1490 43.
493 1424 547 1489 Ὅ
599 1436 901 1506 καλούμενος
954 1444 1234 1506 γυναικεῖος
1289 1441 1406 1507 ῥοῦς
1458 1435 1580 1490 κατὰ
1642 1437 1730 1505 μὲν
1796 1434 1932 1499 τοὺς

176 1541 217 1574 15
242 1517 550 1587 ἀρχαίους,
592 1516 657 1581 ὡς
691 1513 1078 1587 Ἀλέξανδρος
1118 1516 1143 1571 ὃ
1186 1517 1536 1587 Φιλαλήθης
1575 1520 1629 1571 ἐν
1659 1523 1724 1590 τῷ
1755 1516 1929 1590 πρώτῳ

241 1601 365 1669 λέγει
418 1605 517 1652 τῶν
570 1603 891 1670 γυναικείων,
946 1598 1171 1662 πλείονός
1225 1601 1355 1653 ἐστιν
1408 1603 1610 1668 αἵματος
1663 1597 1795 1667 φορὰ
1849 1598 1931 1652 διὰ

242 1679 425 1748 μήτρας
487 1679 602 1747 μετὰ
655 1679 991 1748 παρεκτάσεως
1043 1680 1248 1749 χρόνον,
1302 1681 1424 1734 κατὰ
1481 1682 1534 1734 δὲ
1586 1680 1932 1750 Δημήτριον

241 1760 341 1815 τὸν
371 1759 435 1813 ‘H
445 1766 754 1829 ροφίλειον
786 1761 919 1831 φορὰ
951 1761 1117 1832 ὑγρῶν
1143 1761 1224 1815 διὰ
1250 1761 1432 1830 μήτρας
1456 1761 1571 1830 μετὰ
1594 1761 1930 1831 παρεκτάσεως

243 1841 448 1910 χρόνου,
495 1849 561 1915 τῷ
609 1842 674 1911 μὴ
725 1842 975 1911 αἱματώδη
1025 1842 1181 1911 μόνον
1227 1841 1348 1895 ἀλλὰ
1393 1845 1477 1896 καὶ
1516 1842 1683 1897 ἄλλοτε
1733 1841 1932 1896 ἆλλοῖον

177 1947 219 1978 20
243 1923 363 1976 κατὰ
410 1923 592 1992 χρόνον
638 1928 895 1994 γίγνεσθαι
941 1928 1078 1994 ρὀῦν.
1154 1923 1272 1976 καθ’
1324 1921 1452 1991 ἡμᾶς
1507 1925 1560 1977 δὲ
1615 1923 1934 1994 ῥευματισμός

243 2006 372 2057 ἐστιν
425 2003 627 2074 ὑστέρας
681 2010 920 2074 χρονίζων
974 2008 1220 2073 αἰσθητῶς
1269 2002 1663 2072 ἀποκρινομένου
1709 2009 1933 2068 πλείονος

243 2083 411 2153 ὑγροῦ.

357 2168 595 2236 διαφοραὶ
635 2167 688 2219 δὲ
720 2165 873 2221 αὐτοῦ
904 2166 1025 2220 κατὰ
1057 2167 1145 2234 μὲν
1171 2165 1611 2236 Ἀσκληπιάδην
1641 2169 1725 2220 καὶ
1755 2167 1933 2231 ἄλλους

243 2245 380 2310 τινας
420 2246 527 2301 δύο.
598 2245 666 2311 εἷς
705 2249 794 2316 μὲν
832 2247 924 2317 γάρ
965 2250 1093 2301 ἐστιν
1132 2247 1362 2317 ἐρυθρός,
1400 2247 1544 2312 άλλος
1584 2249 1637 2301 δὲ
1675 2247 1932 2316 ὖδατωδης

183 2351 224 2383 25
249 2330 328 2380 καὶ
376 2327 560 2391 λευκός.
642 2351 764 2382 κατα
816 2330 869 2382 δὲ
918 2328 1004 2383 τὸν
1057 2328 1400 2398 Δημήτριον
1454 2352 1586 2399 παρα
1637 2328 1729 2398 τὴν
1781 2329 1933 2398 χρόαν

244 2411 327 2460 καὶ
372 2407 462 2476 τὴν
509 2408 738 2478 δύναμιν.
822 2431 953 2479 παρα
1002 2411 1091 2479 μὲν
1138 2413 1230 2464 οὐν
1268 2410 1358 2479 τὴν
1396 2411 1571 2480 χρόαν,
1618 2409 1675 2475 ὃς
1713 2411 1803 2478 μὲν
1839 2410 1932 2481 γάρ

246 2490 342 2542 ἔστι
388 2488 560 2553 λευκὸς
608 2490 844 2559 πτισάνης
889 2497 1020 2565 χυλῷ
1058 2491 1419 2560 παραπλησιος,
1473 2490 1528 2555 ὁς
1568 2493 1621 2544 δὲ
1659 2490 1932 2560 υδατῶδης,

366 2640 391 2677 2
425 2629 485 2678 ἂν
519 2635 622 2679 add.
642 2635 681 2679 D
716 2632 1039 2707 (απολέσομεν
1057 2636 1150 2694 E2).
1271 2642 1297 2680 3
1329 2633 1470 2681 πάλιν
1502 2635 1555 2680 δε
1590 2637 1932 2696 φλεβοτομοῦν-

245 2709 321 2744 τες
354 2692 399 2738 εί
428 2691 490 2750 μὴ
523 2710 608 2750 αφ.
643 2709 679 2739 0.
833 2700 859 2739 5
901 2692 1202 2740 διακόπτοιτο
1244 2692 1297 2740 ἐν
1329 2698 1404 2751 φλ.
1438 2709 1462 2740 ο
1495 2697 1626 2751 (corr.
1628 2695 1752 2767 E.2)
1906 2701 1930 2739 7

246 2769 369 2803 τινες
399 2751 461 2796 E:
496 2750 614 2797 ἔνιοι
646 2768 682 2798 c.
829 2758 856 2798 8
888 2752 1114 2811 μαγνήτις
1145 2768 1182 2798 c.
1337 2758 1391 2798 15
1425 2751 1487 2804 ὡς
1518 2755 1580 2799 D.
1614 2772 1680 2799 ων
1713 2769 1750 2799 c.
1874 2760 1929 2799 16
1969 2768 1974 2778 ³

246 2808 462 2863 πλείονός
494 2808 619 2856 ἐστιν
652 2812 710 2857 E:
743 2810 858 2871 ῥὀὖς
891 2810 986 2858 ἐστὶ
1017 2817 1090 2858 πλ.
1117 2828 1140 2857 c
1166 2814 1241 2869 (ef.
1269 2830 1334 2857 ων
1358 2829 1400 2859 v.
1418 2815 1502 2870 15).
1604 2819 1659 2859 27
1691 2814 1751 2858 ad
1781 2829 1931 2870 παρα-

247 2867 439 2927 πλήσιος
470 2897 525 2904 -
561 2868 808 2928 υδατώδης
831 2899 888 2904 -
922 2869 1125 2929 ἐρυθρός
1150 2899 1203 2905 -—
1231 2872 1373 2929 μέλας
1412 2873 1661 2930 adscripsi‘o
1701 2887 1756 2917 ex
1793 2871 1931 2917 Aetio
