2014 3162
763 124 1161 176 -197—

120 262 253 323 θῆλυ
291 261 450 318 καλῶς
490 257 615 324 ἔχειν
655 255 903 325 ὑπέλαβον
934 255 1095 324 μέχρις
1128 251 1187 309 οὗ
1221 255 1364 324 μήπω
1397 258 1518 326 πρὸς
1547 258 1637 327 τὴν
1669 264 1800 328 μῖξιν

118 338 318 408 ἔσχηκεν
358 333 530 404 ὁρμήν.
584 336 705 406 αὐτὴ
746 336 839 407 γὰρ
863 334 894 405 ἡ
922 336 1086 404 φύσις,
1127 334 1192 399 ὦς
1216 339 1294 389 ἐπὶ
1324 340 1422 390 τῶν
1446 338 1638 408 ἀλόγων
1662 340 1800 413 ζῴων

117 415 272 479 οὕτως
294 418 377 468 καὶ
398 419 477 469 ἐπὶ
491 424 590 470 τῶν
614 417 916 486 ἀνθρώπων,
947 417 1067 471 καθ’
1095 417 1161 486 ἢν
1186 422 1268 471 δεῖ
1282 424 1590 487 προθεσμίαν
1614 422 1692 473 ἐπὶ
1712 421 1801 489 τὴν

118 502 248 566 μῖξιν
265 499 430 551 ἐλθεῖν
451 502 673 568 οἴστρους
689 499 824 563 τινὰς
841 499 1075 567 ἐφύτευσε
1091 501 1172 552 καὶ
1190 498 1341 568 ὁρμὰς
1357 502 1594 569 ἐκίνησεν,
1613 500 1801 570 ὁρμῶν-

118 600 198 642 τος
219 577 317 646 ῆδη
335 585 421 632 τοῦ
440 579 658 647 σώματος
678 582 757 633 ἐπὶ
774 579 866 649 τὴν
886 587 982 634 τῶν
1001 579 1307 648 ἀφροδισίων
1333 580 1607 635 ἀπόλαυσιν
1623 584 1800 634 ἐλθεῖν.
1825 603 1846 635 5

114 659 290 727 λέληθε
315 661 369 712 δὲ
391 660 594 725 τούτους
618 661 690 716 ’ὅτι
711 661 770 715 τὰ
796 663 884 730 μὲν
908 662 1061 732 ἄλογα
1085 666 1183 735 ζῷα
1211 661 1338 733 μόνῃ
1363 661 1509 730 φύσει
1532 664 1613 714 καὶ
1640 660 1800 733 ἀλόγῳ

121 741 240 812 τύχῃ
281 742 596 811 διοικούμενα
633 742 750 811 παρ’
795 744 981 796 ἑαυτῶν
1020 742 1168 797 οὐδὲν
1207 747 1274 807 εἰς
1313 746 1584 811 ἐπιθυμίαν
1615 761 1802 796 συνεισ-

118 823 270 892 φέρει.
362 823 440 878 διὸ
486 826 569 877 καὶ
613 831 711 878 τῶν
756 828 991 877 πλείστων
1039 824 1379 893 ἐμπρόθεσμος
1426 822 1451 878 ὁ
1490 823 1664 891 χρόνος
1719 829 1804 891 τῆς

120 906 200 957 ἐπὶ
244 904 336 972 τὴν
383 909 514 972 μῖξιν
561 903 739 974 ὁρμῆς,
786 907 866 958 ἐπὶ
914 907 966 958 δὲ
1013 912 1109 958 τῶν
1149 904 1434 974 ἀνθρώπων
1472 904 1802 972 ἀπρόθεσμος,

119 991 365 1054 πολλαχοῦ
414 986 497 1037 καὶ
538 991 625 1038 τοῦ
664 984 814 1055 λόγου
855 985 938 1038 διὰ
976 986 1151 1050 καινοῖς
1189 1009 1322 1049 τινας
1360 985 1548 1054 ἡδονὰς
1586 983 1616 1053 ἢ
1658 985 1804 1048 δόξας
1830 1007 1871 1039 10

121 1065 410 1129 σαλεύοντος
447 1065 532 1129 τὰς
571 1064 739 1135 ὁρμάς.
786 1068 888 1119 ἐπεὶ
925 1071 1096 1121 τοίνυν
1135 1071 1189 1119 αἵ
1224 1066 1289 1135 μὴ
1330 1072 1652 1136 σωφρονικῶς
1693 1064 1805 1135 ἀγό-

121 1168 263 1215 μεναι
301 1146 546 1216 παρθένοι
585 1145 667 1199 διὰ
706 1146 758 1200 τὸ
797 1146 1209 1218 ἀπαιδαγῶγητον
1246 1147 1584 1216 προωροτέρας
1615 1148 1806 1200 ἕλκουσι

121 1227 206 1291 τοὶς
254 1230 544 1296 ἐπιθυμίας,
599 1227 684 1280 διὰ
732 1235 873 1282 τοῦτο
918 1238 1023 1293 ταῖς
1070 1228 1241 1297 ὁρμαῖς
1288 1228 1348 1282 οὗ
1393 1226 1805 1281 καταπιστευτέον.

120 1308 255 1378 μέχρι
302 1310 356 1362 δὲ
402 1308 638 1363 τοσούτου
687 1313 931 1379 διατηρεῖν
970 1313 1024 1364 ἐν
1062 1314 1308 1382 παρθενίᾳ
1346 1309 1598 1378 συμφέρει,
1645 1308 1806 1377 μέχρις

122 1385 182 1444 οὗ
224 1389 289 1444 δι’
342 1391 519 1459 ἑαυτῆς
557 1390 754 1459 γένηται
792 1390 1049 1460 κάθαρσις.
1126 1394 1255 1444 ἔσται
1292 1390 1386 1461 γὰρ
1423 1390 1681 1458 τεκμήριον
1718 1394 1804 1442 τοῦ
1830 1410 1871 1442 15

119 1471 370 1525 δύνασθαι
419 1470 510 1539 τὴν
556 1470 762 1540 ὑστέραν
808 1472 907 1541 ἤδη
953 1471 1039 1536 τὰς
1085 1476 1212 1535 ἰδίας
1251 1471 1501 1526 ἀποτελεῖν
1549 1473 1805 1540 ἐνεργείας,

120 1549 192 1606 ῶν
231 1557 316 1621 μία
356 1553 444 1621 μὲν
482 1555 565 1606 καὶ
602 1552 634 1622 ἡ
676 1553 933 1621 σύλληψις,
974 1552 1039 1617 ὡς
1073 1556 1354 1622 ἔμπροσθεν
1386 1552 1659 1620 εἰρήκαμεν.
1709 1555 1807 1604 κίν-

119 1638 274 1697 δυνος
300 1633 394 1703 γὰρ
416 1633 469 1688 τὸ
488 1635 799 1703 καταβληθὲν
824 1633 1012 1703 σπέρμα
1029 1640 1395 1702 συλληφθῆναι,
1421 1631 1808 1702 μικρομεγέθους

118 1719 186 1769 ἔτι
222 1722 308 1784 τῆς
348 1715 532 1784 μήτρας
570 1713 885 1785 ὑπαρχούσης
924 1718 1007 1768 καὶ
1046 1714 1129 1768 διὰ
1168 1721 1308 1768 τοῦτο
1348 1712 1650 1782 θλιβομένου
1692 1711 1806 1781 μετὰ

117 1797 206 1866 τὴν
257 1798 468 1868 ὄγκωσιν
513 1804 600 1851 τοῦ
647 1797 863 1867 ἐμβρύου
914 1799 996 1850 καὶ
1051 1796 1206 1860 οὕτως
1261 1795 1367 1863 ῆτοι
1419 1793 1805 1864 φθαρησομένου
1831 1816 1874 1849 20

123 1886 368 1942 παντελῶς
413 1877 446 1948 ἢ
485 1878 600 1943 τοὺς
638 1885 943 1948 χαρακτῆρας
982 1876 1309 1940 ἀπολέσαντος
1347 1874 1378 1944 ἢ
1417 1874 1612 1938 πάντως
1651 1877 1706 1927 ἐν
1742 1881 1808 1946 τῷ

123 1967 277 2033 καιρῷ
314 1967 398 2028 τῆς
437 1959 707 2023 ἀποτέξεως
745 1964 984 2014 κίνδυνον
1020 1959 1354 2027 παρεξομένου
1392 1963 1449 2027 τῇ
1484 1953 1808 2025 κυοφορούσῃ

118 2048 186 2115 τῷ
231 2040 313 2094 διὰ
354 2047 535 2094 στενῶν
573 2043 640 2094 ἔτι
677 2043 760 2094 καὶ
798 2040 1091 2095 ἀτελειῶτων
1128 2039 1292 2109 ἀκμὴν
1329 2045 1426 2092 τῶν
1463 2039 1572 2104 περὶ
1609 2035 1661 2090 τὸ
1702 2035 1810 2089 στό-

124 2146 236 2190 μιον
275 2128 360 2191 τῆς
399 2120 599 2191 ὑστέρας
638 2128 798 2190 μερῶν
837 2121 1128 2191 διέρχεσθαι.
1165 2125 1422 2190 συμβαίνει
1457 2119 1510 2170 δὲ
1541 2116 1696 2180 οὕτως
1726 2117 1810 2168 καὶ

125 2202 361 2273 ἀτροφεῖν
400 2205 506 2256 ἔνια
544 2210 608 2276 τῷ
642 2202 786 2271 μήπω
826 2202 915 2270 τῆν
947 2201 1153 2271 ὑστέραν
1180 2200 1406 2271 μεγάλοις
1429 2198 1640 2269 ἀγγείοις
1663 2219 1803 2250 κατα·
1830 2221 1872 2254 25

121 2284 408 2354 πεπλέχθαι,
446 2292 636 2348 λεπτοῖς
675 2284 728 2336 δὲ
767 2286 849 2336 καὶ
889 2283 978 2352 οὐχ
1015 2288 1206 2345 ἱκανοῖς
1245 2287 1476 2335 τοσοῦτον
1506 2277 1625 2346 αἷμα
1658 2300 1809 2347 παρα·

120 2371 333 2436 κομίζειν
380 2365 499 2419 ὅσον
545 2364 718 2419 ἱκανόν
757 2366 857 2417 ἐστι
894 2363 947 2418 τὸ
987 2363 1107 2417 κατὰ
1145 2363 1350 2434 γαστρὸς
1390 2359 1681 2429 διαθρέψαι.
1757 2358 1809 2413 τὸ

245 2518 266 2556 1
300 2513 407 2568 post
437 2503 494 2556 οὗ
529 2511 687 2555 album
717 2514 850 2567 {fem
877 2524 900 2554 e
935 2502 1010 2565 (οὗ
1043 2511 1158 2566 γεῗ).
1283 2511 1308 2551 8
1340 2509 1450 2564 Ροεὺ
1483 2502 1811 2579 ἐμπρόθεσμος

121 2571 278 2616 album
313 2574 369 2628 l}
400 2584 485 2615 cm.
520 2584 557 2614 c.
713 2560 768 2614 sO
798 2566 968 2619 καινάς
999 2582 1043 2612 e:
1076 2564 1221 2619 κενάς
1251 2567 1302 2610 Ε.
1445 2570 1497 2610 15
1530 2559 1586 2610 οὗ
1621 2565 1685 2608 D:
1722 2579 1808 2607 ουν

123 2643 160 2674 c.
315 2635 367 2675 17
402 2631 507 2700 μιά
517 2630 620 2699 (μία
651 2645 720 2679 τις
750 2627 830 2685 E):
863 2628 1022 2672 album
1058 2633 1080 2672 1
1113 2628 1210 2672 fere
1243 2641 1329 2672 cm.
1363 2639 1400 2669 c.
1554 2620 1808 2693 εἰρήκαμεν

125 2689 226 2745 (sic)
261 2703 286 2733 c
318 2690 427 2745 (non
460 2684 760 2759 εὑρήκαμεν).
885 2692 939 2732 18
973 2683 1061 2742 γὰρ
1094 2686 1198 2731 add.
1224 2686 1264 2730 D
1299 2688 1406 2740 (om.
1439 2698 1478 2739 c,
1511 2683 1590 2728 ubi
1622 2679 1809 2755 εἰρήκα-

124 2763 224 2804 μεν,
255 2749 486 2798 κίνδυνος.
521 2744 596 2793 τὸ.
646 2748 698 2802 ,.)
819 2744 1124 2818 καταβληθέν
1157 2745 1253 2802 (sic,
1284 2758 1378 2788 non
1408 2739 1736 2798 καταληφθὲν)
1768 2751 1806 2782 e.

185 2812 237 2850 19
269 2805 614 2874 θλιβησομένου
647 2819 684 2850 e.
846 2810 900 2849 21
935 2801 1250 2854 ἀπολέσαντος
1284 2802 1380 2858 (sic,
1411 2815 1504 2846 non
1535 2800 1732 2853 -σοντος)
1767 2810 1806 2840 c·

185 2870 241 2909 25
276 2863 411 2922 μήπω
444 2861 529 2920 τὴν
563 2863 727 2920 Gomp
761 2864 822 2907 Ε2
851 2879 897 2921 p.
931 2869 1007 2908 22.
1042 2861 1103 2920 μὴ
1135 2859 1322 2919 πρώτην
1355 2874 1392 2905 c.
