2014 3162
847 89 1251 142 —264—

323 218 580 289 ἆόργιστον
641 221 720 287 δέ,
789 216 862 274 ὅτι
924 220 1071 289 φύσει
1133 226 1534 290 συνεξομοιοῦται
1600 221 1659 276 τὰ
1717 223 1893 292 τρεφό-

205 321 327 368 μενα
371 308 475 365 ταῖς
521 301 814 369 τρεφούσαις
859 303 942 355 καὶ
983 301 1066 354 διά
1104 308 1245 356 τοῦτο
1285 303 1557 372 βαρύθυμα
1595 304 1684 371 μὲν
1721 306 1772 368 ἐξ
1810 304 1897 374 ὂρ-·

203 386 370 451 φίλων,
409 384 595 450 ἐπιεικῆ
635 383 690 436 δὲ
730 384 783 436 ἐκ
813 386 1018 452 μετρίων
1048 387 1273 453 γίγνεται.
1334 385 1417 436 καὶ
1446 383 1602 449 ἄλλως
1633 383 1895 453 μανιώδεις

205 465 326 516 εἰσὶν
371 467 428 517 αἱ
466 460 782 532 θυμούμεναι
827 466 911 517 καὶ
949 462 1095 536 φόβῳ
1135 468 1504 533 κλαυθμυρίζον
1541 465 1657 519 ποτὲ
1693 465 1747 519 τὸ
1786 467 1893 535 βρέ-

159 568 179 600 5
205 563 300 612 φος
332 540 544 614 ἐπισχεῖν
576 543 641 612 μὴ
677 543 949 613 δυνάμεναι
980 548 1234 614 ριπτοῦσιν
1265 544 1322 599 ἐκ
1350 551 1450 599 τῶν
1485 552 1659 614 χειρῶν
1689 544 1721 614 ἢ
1754 568 1895 600 κατα-

204 628 497 695 στρέφουσιν
542 624 885 688 ἐπικινδύνως.
970 624 1141 695 διόπερ
1188 625 1248 680 οὗ
1305 630 1642 694 δεισιδαίμονα
1695 630 1777 681 δεῖ
1809 630 1895 681 καὶ

203 704 519 775 θεοφόρητον
571 703 699 760 εἶναι
751 705 843 774 τὴν
896 713 1166 776 γαλοῦχον,
1221 710 1304 760 ἴνα
1357 706 1423 775 μὴ
1473 708 1890 778 παραλογισθεῖσά

203 809 316 842 ποτε
354 789 437 841 καὶ
469 791 730 856 μανιωδῶς
760 795 1055 842 σαλευθεῖσα
1084 788 1304 861 κινδύνῳ
1335 787 1389 842 τὸ
1421 789 1606 858 βρέφος
1636 789 1891 861 περιβάλῃ.

313 868 562 938 καθάριον
600 870 654 923 δὲ
694 872 776 922 δεῖ
806 866 932 922 εἶναι
969 868 1060 938 τὴν
1097 868 1290 938 τιτθήν,
1329 873 1413 922 ἴνα
1451 868 1516 938 μκὴ
1557 868 1640 923 διὰ
1671 868 1763 939 τὴν
1792 876 1890 924 τῶν

138 975 179 1006 10
203 950 501 1021 σπαργάνων
548 949 709 1019 ὀσμὴν
755 947 782 1004 ὅ
831 949 1068 1019 στόμαχος
1107 950 1334 1019 ἐκλύηται
1370 956 1468 1004 τῶν
1490 955 1702 1019 ,νηπίων
1738 951 1890 1021 ἄγρυ-

202 1039 302 1103 πνῇ
333 1053 382 1085 τε
413 1030 496 1086 διὰ
525 1031 640 1095 τοὺς
672 1030 984 1099 ὀδαξησμοὺς
1006 1031 1042 1099 ἥ
1064 1054 1173 1084 τινα
1196 1031 1400 1102 ὕστερον
1424 1033 1627 1086 ἕλκωσιν
1648 1031 1887 1104 ὑπομένῃ.

307 1111 568 1181 Ἑλληνίδα
608 1113 678 1179 δέ,
716 1112 859 1182 χάριν
890 1118 977 1166 τοῦ
1006 1119 1064 1183 τῇ
1093 1117 1324 1184 καλλίστῃ
1356 1115 1587 1184 διαλέκτῳ
1618 1115 1890 1182 ἐθισθῆναι

201 1193 253 1247 τὸ
292 1193 593 1262 τρεφόμενον
631 1191 718 1246 ὑπ’
762 1192 926 1260 αὐτῆς.

314 1280 398 1328 89.
447 1276 588 1343 ἐχέτω
633 1274 687 1326 δὲ
725 1272 844 1326 κατὰ
883 1272 936 1327 τὸ
975 1280 1201 1327 πλεῖστον
1249 1278 1394 1328 δυοῖν
1439 1272 1470 1342 ἢ
1517 1282 1665 1343 τριῶν
1713 1282 1885 1344 μηνῶν

136 1380 176 1413 15
200 1355 337 1425 γάλα.
414 1354 466 1408 τὸ
514 1355 603 1422 μὲν
649 1353 743 1425 γὰρ
790 1351 1080 1422 πρόσφατον
1121 1354 1274 1425 ἄγαν,
1330 1353 1395 1419 ὡς
1434 1357 1684 1426 ἐλέγομεν,
1731 1378 1888 1425 παχυ-

202 1437 483 1505 μερέστερον
528 1437 609 1490 καὶ
657 1438 1026 1503 δυσδιοίκητον,
1080 1435 1134 1490 τὸ
1182 1437 1236 1490 δὲ
1282 1435 1495 1491 παλαιὸν
1541 1433 1763 1507 ἄτροφον
1807 1441 1890 1492 καὶ

199 1518 389 1572 λεπτόν.

311 1602 462 1653 ἔνιοι
509 1599 563 1651 δέ
609 1615 764 1665 φασιν
810 1597 882 1651 ’ότι
928 1602 1011 1651 δεῖ
1049 1597 1138 1667 τὴν
1181 1598 1332 1666 ἄρρεν
1379 1599 1650 1666 μέλλουσαν
1694 1601 1890 1669 τρέφειν

199 1680 347 1749 ἄρρεν
391 1681 655 1745 τετοκέναι,
705 1677 795 1748 τὴν
841 1679 894 1731 δὲ
942 1685 1076 1747 θῆλυ
1115 1678 1264 1732 πάλιν
1301 1685 1450 1747 θῆλυ.
1528 1678 1602 1744 οἷς
1641 1679 1701 1734 οὐ
1739 1699 1890 1749 προσ-

134 1784 177 1818 20
200 1763 376 1815 εκτέον.
461 1760 521 1815 οὗ
577 1758 671 1831 γὰρ
725 1765 1006 1829 θεωροῦσιν
1058 1759 1131 1813 ὅτι
1177 1758 1242 1813 δι’
1295 1759 1405 1823 ἑνὸς
1459 1762 1543 1814 καὶ
1594 1768 1681 1815 τοῦ
1736 1760 1888 1816 αὐτοῦ

197 1843 433 1913 γάλακτος
471 1844 526 1895 αἰ
559 1841 617 1895 τὰ
656 1845 842 1910 δίδυμα
879 1847 1103 1895 τεκοῦσαι
1141 1842 1375 1911 τρέφουσι
1404 1843 1488 1895 καὶ
1516 1841 1570 1896 τὸ
1602 1843 1692 1910 μὲν
1722 1842 1886 1896 αὐτῶν

197 1924 346 1994 άρρεν
375 1922 426 1976 τὸ
463 1923 518 1976 δὲ
548 1929 697 1991 θῆλυ.
757 1928 937 1986 κοινῶς
974 1923 1028 1975 δὲ
1058 1924 1142 1975 καὶ
1171 1928 1274 1975 πᾶν
1305 1924 1446 1992 γένος
1484 1922 1624 1996 ζώων
1660 1929 1718 1994 τῇ
1757 1922 1882 1994 αὐτῇ
1911 1948 1914 1950 ·

196 2012 354 2075 τροφῇ
393 2010 563 2073 χρῆται
601 2006 684 2057 καὶ
721 2004 773 2057 τὸ
813 2003 961 2106 άρρεν
999 2005 1082 2056 καὶ
1119 2002 1173 2057 τὸ
1212 2007 1366 2072 θῆλυ,
1405 2006 1487 2056 καὶ
1527 2002 1610 2057 διὰ
1648 2010 1789 2059 τοῦτο
1827 2003 1888 2059 οὗ

196 2086 392 2150 πάντως
441 2083 472 2154 ἢ
519 2084 571 2139 τὸ
620 2085 768 2155 άρρεν
812 2088 1023 2154 γίγνεται
1069 2083 1344 2154 θηλύτερον
1390 2082 1420 2152 ἢ
1467 2083 1520 2138 τὸ
1566 2090 1700 2153 θῆλυ
1747 2106 1888 2155 αρρε-

131 2189 174 2223 25
197 2166 472 2236 νικώτερον.

310 2252 392 2302 δεῖ
415 2249 469 2301 δὲ
499 2255 599 2311 τοῖς
630 2246 865 2315 ἀσφαλῶς
893 2249 977 2300 καὶ
1008 2246 1219 2317 εὐτυχῶς
1251 2247 1640 2315 τραφησομένοις
1669 2250 1888 2310 παιδίοις

196 2333 425 2393 πλείονας
462 2328 862 2399 παρεσκευάσθαι
899 2328 1186 2398 γαλούχους.
1248 2328 1511 2396 ἐπισφαλὲς
1547 2327 1641 2398 γὰρ
1672 2326 1724 2382 τὸ
1763 2326 1887 2396 πρὸς

198 2478 329 2549 (corr.
362 2473 431 2526 E).
584 2479 609 2518 3
644 2470 830 2530 ἐπιοικῆ
865 2487 889 2517 c
922 2477 1053 2529 (corr.
1088 2473 1148 2530 d).
1286 2471 1504 2530 μανώδης
1535 2486 1559 2516 c
1594 2473 1727 2528 (corr.
1761 2474 1822 2530 d).

197 2538 223 2578 5
256 2531 502 2590 ῥἰπτοῦσιν
533 2531 637 2589 (sic)
671 2546 707 2577 c.
878 2537 903 2576 6
937 2534 1019 2576 δεῖ
1039 2531 1099 2575 E:
1132 2532 1185 2577 δὲ
1219 2545 1255 2577 c.
1427 2536 1482 2575 10
1513 2527 1825 2587 αγρυπνεῖται
1857 2546 1882 2576 ο

196 2594 330 2648 (cort.
363 2590 485 2648 DE).
608 2596 660 2635 11
695 2588 724 2648 ἥ
755 2607 882 2635 nvnc:
914 2586 944 2646 ἢ
970 2587 1058 2647 τὴν
1090 2604 1128 2634 c.
1276 2595 1330 2634 12
1364 2590 1419 2634 cf.
1455 2590 1647 2644 Quintil.
1679 2590 1721 2645 I,
1757 2596 1796 2646 1,
1827 2595 1881 2636 4·

195 2656 300 2696 ante
336 2652 490 2696 omnia
543 2663 600 2694 ‘ne
629 2651 690 2694 sit
719 2650 909 2694 vitiosus
938 2661 1080 2694 sermo
1111 2650 1384 2694 nutricibus
1439 2662 1552 2706 quas
1582 2651 1624 2693 si
1652 2624 1754 2705 fem·
1775 2663 1884 2706 pos-

194 2715 259 2756 set
295 2711 521 2766 sapientes
562 2708 845 2766 Chrysippus
884 2709 1081 2764 optavit,
1127 2713 1242 2753 certe
1279 2711 1500 2765 quantum
1540 2721 1610 2752 res
1643 2712 1884 2780 pateretur

194 2771 390 2826 optvmas
421 2770 529 2826 eliyi
557 2769 713 2813 voluit.
891 2771 1062 2811 14-17
1096 2765 1300 2821 cf.1‚87
1332 2767 1394 2812 in.
1554 2772 1610 2811 23
1643 2763 1699 2812 οὗ
1734 2782 1821 2812 om.
1856 2781 1883 2811 ο

198 2829 319 2885 (add.
352 2826 424 2886 E).
546 2832 602 2872 27
635 2826 1031 2885 παρασκευᾶσθαι
1064 2840 1088 2870 c
1121 2827 1253 2882 (corr.
1286 2827 1357 2883 D).
