2014 3162
864 105 1257 158 —166—

252 234 291 288 l,
336 235 414 278 sed
445 235 482 278 ῐο
511 234 563 278 in
592 247 734 293 mary.
789 235 1021 292 suppleto)

255 297 352 337 128.
404 293 675 350 supplemus
714 294 740 338 b
780 294 832 350 (l)
871 293 937 348 11,
984 299 1022 337 1.

253 350 497 409 subpletur
528 352 626 408 (ubi
654 354 776 398 solus
805 353 851 409 h)
876 351 933 408 ΙΙ,
951 358 1023 397 21.

253 436 308 442 -—
349 411 621 456 submittere
662 413 714 457 bl
757 412 946 468 (summ-
977 412 1022 466 h)

222 468 579 574 slllllizlibanibus
597 531 680 574 sub
703 529 890 574 ascellis
913 529 1021 573 mis-

252 587 314 632 sis
349 588 403 631 lh
419 589 520 644 (ubi
544 593 694 633 tamen
717 589 800 633 sub
825 588 1022 632 ascellas

252 647 298 702 b)
332 646 389 701 11,
424 650 496 701 18,
531 652 598 692 10.

222 705 625 751 submaleflentes
669 706 907 751 doloribus
941 707 1022 763 (λι-

250 764 566 821 ποθυμοῦσαν
599 765 698 810 Sor.
732 769 843 820 280,
880 766 930 822 8)
963 764 1021 822 ΙΙ,

222 828 507 927 silg’stlasiitia
527 885 602 940 (=
621 883 722 928 Sor.
747 879 1019 940 ὑπόστασις)

219 946 528 1056 agbervacue
579 1002 685 1057 (hoc
732 964 1019 1046 insinuamus

250 1059 595 1117 obstetricibus)
628 1061 686 1117 ΙΙ,
719 1065 775 1105 23
809 1066 922 1106 extr.

219 1177 324 1222 tam
354 1176 435 1220 diu
466 1192 606 1234 quam
638 1179 718 1222 diu
740 1180 770 1223 h
793 1179 958 1235 (donec
981 1179 1015 1232 l)

247 1236 306 1292 ΙΙ,
355 1242 420 1280 10.
463 1237 551 1282 blh
582 1237 647 1293 II,
683 1242 758 1292 19,
798 1242 869 1282 27.
902 1238 1020 1282 sieut

254 1310 396 1352 quam
428 1294 508 1339 diu
539 1298 613 1350 (=
646 1296 809 1352 donec)
844 1301 943 1341 121.

218 1355 365 1400 tarda
419 1368 571 1399 mora:
628 1356 667 1399 si
720 1369 829 1400 vero
884 1355 1021 1399 tarda

247 1428 379 1459 mora
410 1413 552 1458 fuerit
576 1419 630 1459 67
657 1435 713 1452 =
731 1415 768 1459 si
792 1426 902 1458 vero
927 1415 1021 1458 tar-

249 1473 373 1518 ditas
433 1473 537 1529 ipsa
578 1487 757 1518 moram
803 1472 1023 1518 habuerit

252 1533 320 1587 (in
359 1534 546 1591 repetito
588 1534 642 1577 de
686 1533 838 1577 eadem
868 1546 917 1577 ‘re
948 1546 1022 1576 ca-

239 1593 410 1650 pitulo)
442 1591 502 1648 ΙΙ,
534 1596 590 1636 20
623 1590 687 1647 (εἰ
715 1590 768 1636 δὲ
805 1593 1024 1641 πλείονος

246 1653 382 1708 χρεία
412 1650 655 1710 διατριβῆς
686 1650 785 1695 Sor.
818 1654 924 1704 110,
955 1652 1020 1706 2).

216 1709 593 1766 temporaneum
636 1711 915 1766 conceptum
946 1712 1020 1762 (=

248 1768 467 1828 πρόσορον
509 1765 736 1825 σύλληψιν
775 1768 875 1814 Sor.
909 1771 1021 1822 278,

249 1831 296 1883 3)
328 1827 388 1884 11,
424 1834 492 1883 18,
527 1834 566 1873 9.

217 1887 564 1944 teporationes
578 1883 908 1944 (θερμάσματα
918 1885 1020 1931 Sor.

249 1951 325 2002 99,
358 1950 410 2003 2)
444 1952 500 1992 60
534 1947 633 2002 (ubi
665 1945 1019 2003 temperationis

248 2006 288 2060 b,
307 2006 636 2063 vaporationes
660 2019 715 2049 ex
738 2005 905 2050 emend.
931 2006 1017 2062 lh).

218 2064 633 2110 tetrafarmacum
665 2063 720 2119 ΙΙ,
753 2069 824 2108 22.

217 2123 478 2170 thrombos
512 2123 711 2180 (tombos
735 2124 776 2178 h,
808 2123 1021 2168 trumbos

247 2183 312 2238 ἠΰ,
352 2184 471 2228 deest
509 2183 585 2239 bl)
625 2181 918 2239 purgationis
960 2181 1019 2238 ΙΙ,

219 2299 451 2356 thyrsus:
505 2301 717 2345 lactucae
778 2302 961 2345 tursum
1006 2301 1023 2344 l

252 2362 450 2415 (tyrsum
480 2361 523 2416 h,
554 2361 672 2404 deest
703 2360 746 2414 b)
775 2358 834 2414 ΙΙ,
861 2363 929 2404 10.
962 2359 1020 2413 cf.

251 2418 373 2462 Cass.
410 2418 510 2463 Fel.
543 2422 599 2462 61
627 2433 678 2474 p.
710 2422 816 2472 150,
850 2421 891 2462 7.

218 2476 373 2522 titina
404 2478 656 2533 (vasculum
685 2492 717 2521 a
746 2477 860 2532 tita‚
894 2476 1018 2530 dida,

249 2532 409 2592 τιτθή)
445 2540 528 2580 131
565 2561 616 2569 -
649 2548 692 2580 v.
725 2548 760 2579 s.
792 2536 996 2592 ubuppa.

218 2593 403 2639 tortio:
452 2608 558 2638 cum
596 2593 927 2650 punctionibus
973 2595 1022 2638 et

249 2653 451 2698 tortione
483 2653 541 2708 ΙΙ,
573 2657 614 2696 6.

219 2711 359 2756 totus
391 2712 466 2768 (=
498 2710 689 2767 omm's):
727 2712 882 2755 totum
915 2711 1023 2756 soli-

253 2770 365 2814 dum
396 2770 552 2815 cibum
585 2773 682 2814 128.
709 2794 764 2802 —-
788 2769 838 2813 in
868 2772 1022 2814 totum

249 2831 326 2887 (=
350 2828 556 2887 omnino)
580 2833 678 2875 129.
708 2834 805 2874 144.
835 2833 933 2873 145.
966 2829 1021 2885 ΙΙ,

1146 239 1183 278 1.
1218 239 1287 278 23.
1330 240 1386 279 33
1429 235 1495 292 (in
1526 237 1678 280 totum
1713 235 1912 294 denega·

1141 295 1249 349 tur).
1311 293 1361 337 in
1397 295 1551 338 totum
1589 308 1684 340 non
1723 299 1792 343 90,
1854 295 1911 350 ΙΙ,

1143 357 1213 454 hl),
1243 357 1312 396 26.
1345 352 1402 408 ΙΙ,
1428 357 1497 398 23.
1529 354 1648 398 nihil
1678 353 1728 398 in
1759 355 1913 399 totum

1112 470 1450 525 tranquillare
1494 471 1803 527 (nimietatem
1835 485 1914 528 ge-

1143 529 1414 585 stationum)
1463 534 1534 574 45.
1596 530 1748 575 febres
1786 532 1913 575 tran-

1143 588 1370 644 quillatae
1403 590 1512 633 sunt
1542 589 1600 644 ΙΙ,
1635 593 1707 633 22.
1756 589 1914 635 omnia

1142 646 1507 703 tranquillantur
1535 648 1593 702 ΙΙ,
1626 653 1695 692 23.

1112 706 1354 751 transivit
1384 707 1410 751 b
1441 708 1532 763 (lh)
1569 712 1667 751 112.

1111 764 1295 810 turbor
1333 767 1514 822 (partus
1554 787 1610 804 =
1640 765 1846 811 turbatio
1880 767 1912 822 l)

1142 827 1213 869 86.
1276 824 1454 869 lavacri
1497 829 1581 870 107
1627 826 1700 881 (=
1732 822 1911 882 ταραχή

1142 883 1243 927 Sor.
1278 887 1382 937 161,
1415 886 1474 940 7).

1111 942 1341 1045 ῒιιῐίοῗιθε
1355 944 1454 996 (ubi
1469 942 1694 1007 tortiones
1704 944 1747 1000 b)
1761 942 1913 988 olivae
1948 950 1950 952 “

1106 1119 1309 1176 ubuppa
1355 1120 1414 1175 (b,
1455 1133 1612 1176 upupa
1644 1120 1673 1173 l,
1705 1121 1758 1163 ut
1787 1119 1903 1163 tuba

1136 1179 1204 1236 h):
1245 1179 1485 1223 vasculum
1525 1179 1724 1222 vitreum
1755 1178 1817 1222 ad
1849 1178 1908 1222 si-

1137 1236 1456 1282 militudinem
1495 1237 1700 1293 papillae
1740 1237 1909 1281 forma.-

1138 1298 1241 1341 tum
1265 1298 1313 1340 et
1328 1297 1581 1352 pertusum,
1606 1296 1730 1352 quod
1750 1295 1913 1341 rustici

1141 1354 1371 1412 (Pwnicw
1410 1355 1506 1399 ‘nisi
1550 1355 1667 1410 forte
1706 1369 1914 1412 upupam

1143 1435 1199 1451 =
1211 1412 1378 1470 ἔποπα,
1396 1414 1573 1459 vasculi
1589 1415 1747 1471 yeuus)
1765 1415 1914 1470 ubup-
1954 1431 1966 1439 .„

1143 1486 1251 1530 pam
1305 1473 1546 1531 appellant
1599 1477 1680 1518 aut
1724 1472 1916 1518 titinam

1145 1534 1250 1589 (quo
1274 1533 1435 1578 bibant
1464 1533 1699 1589 infantes).

1114 1592 1540 1695 uInIuSI=8in25unum
1581 1591 1757 1648 pariter
1788 1591 1913 1636 exire

1113 1710 1428 1764 urgueantur
1459 1709 1619 1766 (pedes
1646 1730 1701 1745 =
1725 1710 1913 1765 torque-

1142 1770 1295 1825 antur)
1328 1767 1386 1824 ΙΙ,
1418 1773 1459 1812 4.

1111 1828 1170 1872 ut
1195 1823 1314 1885 (ὡς)ε
1347 1827 1526 1872 hortari
1551 1827 1771 1871 debemus
1787 1841 1914 1872 secu-

1142 1899 1334 1942 ramque
1375 1886 1527 1931 facere
1565 1888 1618 1930 ut
1659 1886 1748 1943 (bl,
1792 1887 1916 1942 quod

1141 1947 1186 2002 h)
1219 1959 1312 1990 non
1335 1945 1644 2002 periclitetur,
1674 1958 1778 1989 eam
1800 1945 1911 1990 vero

1147 2041 1157 2050 .
1178 2005 1364 2050 .docere
1381 2005 1454 2049 ut.
1474 2003 1693 2061 ,inpellat
1703 2004 1911 2059 Π,18,10.

1138 2065 1192 2108 ut
1223 2065 1291 2108 et.
1313 2064 1382 2108 .et
1411 2077 1470 2108 ne
1502 2068 1561 2107 44
1603 2063 1671 2120 (et
1700 2076 1787 2108 nec
1819 2066 1909 2119 82).

1108 2122 1186 2168 uti
1233 2136 1267 2167 c.
1316 2137 1407 2168 aec.
1455 2123 1609 2180 vulgo:
1663 2121 1735 2166 uti
1784 2122 1910 2167 viros

1139 2183 1227 2227 blh
1259 2186 1330 2227 47.
1387 2181 1562 2226 utimur
1605 2181 1915 2227 encatismata

1145 2241 1204 2295 ΙΙ,
1238 2245 1307 2296 18,
1343 2245 1411 2285 10.
1443 2241 1501 2295 Π,
1534 2245 1589 2284 22
1622 2245 1701 2285 etc.

1111 2299 1355 2355 utrfiquet
1399 2313 1456 2344 ex
1485 2300 1682 2355 utraque
1715 2300 1821 2356 (bh,
1853 2313 1911 2345 sc.

1141 2360 1276 2415 parte
1307 2359 1340 2415 l)
1374 2357 1432 2413 II,
1466 2362 1534 2413 18,
1569 2363 1636 2402 16.

1110 2430 1208 2463 uva
1231 2417 1408 2474 lupina
1438 2414 1696 2474 (στρύχνος)
1726 2422 1821 2462 137.
1855 2417 1913 2473 Π,

1142 2482 1182 2521 9.
1219 2481 1273 2521 10
1306 2475 1424 2532 (Sor.
1458 2479 1570 2532 218,
1600 2478 1697 2532 12).
1729 2481 1800 2520 22.

1110 2604 1298 2638 vacuus
1324 2594 1399 2649 (=
1431 2588 1592 2649 ἀργός)
1624 2597 1696 2638 23.
1729 2598 1799 2638 24.

1112 2652 1258 2697 valde
1288 2651 1588 2696 brevissimus
1619 2651 1676 2707 ΙΙ,
1709 2657 1751 2696 4.

1112 2710 1324 2756 vastitas
1358 2710 1563 2767 corporis
1595 2710 1651 2766 Π,
1687 2716 1755 2768 19,
1789 2716 1858 2756 29.

1112 2769 1398 2814 vehiculum
1447 2770 1522 2825 <=
1570 2775 1765 2825 φορεῖον
1811 2771 1910 2816 Sor.

1142 2831 1248 2885 279,
1282 2831 1328 2885 7)
1361 2828 1419 2883 ΙΙ,
1456 2833 1522 2884 18,
1559 2833 1624 2872 10.
