2014 3162
864 125 1260 178 -294-

218 250 370 324 οὖρον
417 254 501 308 διὰ
546 255 636 324 τὴν
682 255 948 325 δριμύτητα
1005 257 1405 324 παραπέμπομεν.
1481 255 1514 309 ἃ
1560 255 1782 325 ἀσμένως
1830 260 1914 310 δεῖ

218 337 461 405 δέχεσθαι.
563 336 681 391 ὅταν
739 333 833 391 οὖν
886 333 1160 406 ἆπανθήσῃ
1213 342 1396 403 καλῶς,
1472 343 1737 406 τηνικαῦτα
1802 337 1904 406 ἤδη

216 417 574 487 θεραπεύοντες
622 424 791 489 θερμῷ
845 415 1056 487 λούομεν
1101 414 1392 486 ἆφεψήματι
1437 417 1604 488 ῥόδων
1646 416 1679 487 ἢ
1721 425 1906 486 φακοῦ,

216 497 313 552 κᾶν
374 503 600 564 πλείονος
653 498 878 567 στύψεως
938 498 1211 570 χρῄζωμεν,
1265 502 1504 567 μυρσίνης
1554 496 1588 567 ἢ
1644 503 1815 568 σχίνου
1867 498 1899 566 ἢ

172 600 194 634 5
217 580 370 649 βάτου
416 579 448 648 ἢ
498 583 683 634 σιδίων.
770 578 830 632 τὰ
875 581 930 633 δὲ
975 585 1160 647 μᾶλλον
1203 578 1462 648 ἡλκωμένα
1506 579 1905 648 καταπλάσσομεν

216 659 542 734 ἆρνογλῶσσῳ
597 659 696 729 μετ’
755 660 904 728 ἄρτου
950 658 983 728 ἢ
1032 662 1210 728 σε’ριδι,
1263 658 1295 728 ἢ
1342 659 1474 731 πάλῃ
1521 659 1742 728 ἀλφίτων
1790 661 1907 729 μετὰ

216 740 499 810 ἆνδροὶχνης
543 739 576 810 ἢ
623 740 830 814 ἆειζῴου
876 739 909 808 ἢ
958 740 1310 809 κοτυληδόνος,
1367 739 1399 809 ἢ
1446 740 1614 812 ῥόδοις
1652 745 1821 812 ξηροῖς
1871 740 1905 810 ἢ

215 829 421 890 χλωροῖς
466 820 745 891 ἡψημένοις
790 821 907 890 μετὰ
956 821 1217 890 μελιλῶτου
1254 820 1287 890 ἢ
1329 826 1540 890 φοίνιξι,
1586 824 1907 893 καταχρίομέν

216 923 265 955 τε
310 909 412 966 τοῖς
459 902 541 956 διὰ
587 903 892 974 λιθαργύρου
942 905 1025 957 καὶ
1070 906 1324 970 ψιμυθίου
1375 905 1457 956 καὶ
1497 907 1788 972 στυπτηρίας
1824 906 1908 957 καὶ

155 1006 197 1038 10
221 982 370 1047 ὄξους
407 985 491 1037 καὶ
529 989 770 1053 μυρσίνου
807 983 841 1053 ἢ
882 987 1085 1054 ῥοδίνου
1123 981 1157 1051 ἢ
1197 986 1430 1052 σχινίνου.
1493 1008 1498 1018 ·

330 1070 450 1118 122.
506 1066 826 1134 παυσαμένου
874 1066 928 1119 δὲ
973 1071 1062 1119 τοῦ
1114 1068 1441 1135 ρευματισμοῦ
1479 1067 1562 1118 καὶ
1600 1071 1686 1133 τῆς
1723 1066 1908 1134 πολλῆς

215 1143 518 1214 ἀποκρίσεως
562 1152 661 1200 τῶν
699 1145 894 1215 ἰχώρων
932 1150 976 1199 εἰ
1011 1145 1069 1198 τὰ
1107 1147 1221 1214 ἕλκη
1262 1149 1488 1211 φαίνοιτο
1527 1150 1906 1216 φλεγμαίνοντα,

215 1224 284 1278 δι’
319 1224 583 1294 ὑδρελαίου
609 1229 810 1296 ζθερμοῢ
841 1228 1052 1296 λούομεν
1089 1226 1122 1295 ἢ
1163 1225 1490 1294 ἆφεψήματος
1521 1229 1846 1297 λινοσπέρμου
1875 1226 1908 1296 ἢ

213 1306 393 1375 τήλεως
437 1306 470 1376 ἢ
511 1314 608 1361 τῶν
644 1311 792 1378 ῥιζῶν
829 1315 914 1376 τῆς
952 1307 1127 1378 ἀγρίας
1164 1307 1399 1377 μαλάχης,
1437 1307 1496 1361 τὰ
1535 1309 1590 1362 δὲ
1628 1310 1742 1377 ἕλκη
1780 1330 1913 1378 περι-

148 1410 191 1443 15
215 1392 411 1458 χρίομεν
441 1396 508 1462 τῷ
537 1395 696 1463 λευκῷ
726 1395 824 1443 τῶν
857 1388 970 1463 ᾠῶν
1001 1388 1298 1444 ἆνακοπὲντι
1327 1391 1410 1442 καὶ
1432 1387 1558 1462 ὑγρᾷ
1582 1391 1909 1453 συμπλακέντι

215 1476 425 1542 κηρωτῇ.
513 1470 627 1538 μετα
675 1471 730 1523 δὲ
775 1470 865 1539 τήν
917 1469 1184 1524 ὑπέκλυσιν
1229 1477 1314 1539 τῆς
1361 1477 1642 1541 φλεγμονῆς
1687 1470 1776 1524 ἐὰν
1822 1474 1910 1542 ῥυ-

214 1554 368 1618 παρίοι
412 1573 483 1614 τις
530 1549 780 1622 ὑπομένῃ,
829 1549 911 1604 διὰ
959 1553 1144 1619 με’λιτος
1189 1555 1390 1621 μετρίως
1429 1550 1784 1620 ἀφεψηθέντος
1827 1556 1910 1606 ἵνα

215 1630 268 1685 τὸ
310 1631 457 1700 δριμυ
498 1634 583 1684 καὶ
619 1631 670 1685 τὸ
714 1631 945 1700 δηκτικὸν
975 1630 1223 1703 ἆποβαλη,
1261 1636 1795 1702 προσαποκαθαίρομεν
1825 1632 1911 1687 αὖ·

215 1711 329 1781 τῆν’,
382 1710 416 1781 ἢ
465 1718 610 1786 φακῷ
658 1734 774 1780 μετα
820 1714 1020 1780 μελιτος.
1098 1710 1294 1783 ἁρμόζει
1340 1713 1394 1766 δὲ
1439 1711 1525 1766 τὸν
1570 1713 1736 1780 φακὸν
1774 1735 1909 1783 περι-

149 1816 192 1847 20
217 1794 504 1862 επτισμένον
543 1795 712 1861 εψειν,
760 1796 844 1846 ἱνα
889 1792 1150 1847 στυπτικὸν
1186 1792 1238 1847 τὸ
1278 1797 1484 1862 πίτυρον
1522 1791 1746 1864 ὕπαρχον
1783 1793 1911 1849 ἄπο-

217 1874 361 1947 βᾶλη.
437 1881 678 1943 καθαρῶν
726 1874 781 1928 δὲ
825 1875 1106 1944 γενομένων
1152 1879 1250 1928 τῶν
1289 1875 1443 1927 ἑλκῶν
1482 1873 1566 1927 διὰ
1603 1875 1910 1977 λιθαργύρου

215 1959 349 2010 λείου
395 1954 428 2024 ἢ
475 1959 729 2024 ψιμυθίου
774 1953 807 2023 ἢ
854 1961 912 2026 τῇ
959 1955 1043 2008 διὰ
1091 1961 1254 2024 χυλῶν
1299 1953 1533 2024 ἀνειμένα
1575 1962 1742 2020 ποσῶς
1787 1956 1909 2010 ἄνα-

216 2042 500 2105 πληροῦμεν
553 2058 611 2090 τα
665 2043 823 2090 κοῖλα.
915 2035 1031 2104 μετὰ
1079 2036 1134 2089 δὲ
1178 2035 1269 2104 τὴν
1313 2038 1536 2100 ἐξίσωσιν
1584 2035 1911 2101 ἆπουλῶσεως

215 2116 360 2187 χάριν
411 2115 503 2185 τὴν
554 2116 638 2170 διὰ
675 2115 898 2170 λαδοὶνου
936 2116 1388 2187 παραλαμβανομεν
1423 2114 1455 2184 ἢ
1488 2115 1579 2185 τὴν
1611 2116 1680 2170 δι’
1725 2117 1839 2192 ᾠῶν
1873 2116 1908 2186 ἢ

150 2219 194 2252 25
216 2197 307 2266 τὴν
347 2196 429 2251 διὰ
468 2204 662 2267 κριθῶν
690 2195 723 2266 ’ἢ
755 2196 846 2266 τὴν
885 2197 968 2251 διὰ
996 2202 1207 2267 καδμίας
1230 2201 1412 2271 ῥοδίνῳ
1437 2201 1911 2271 προανειλημμένην.

217 2281 299 2332 καὶ
337 2278 537 2349 ῥύπτειν
576 2283 659 2334 δεῖ
688 2300 788 2334 που
826 2286 927 2343 τοῖς
958 2283 1139 2348 νίτροις
1174 2278 1531 2348 μαλακώτερον,
1571 2279 1632 2334 οὗ
1662 2280 1755 2350 γὰρ
1787 2284 1908 2335 οἴσει

220 2358 277 2412 τὰ
318 2359 617 2429 ἰσχυρότερα.

337 2509 361 2548 1
395 2501 475 2548 δια
499 2505 625 2549 Aet.:
658 2504 739 2549 καὶ
772 2520 809 2550 o.
971 2523 1002 2549 α
1035 2501 1250 2564 ασμένως
1280 2507 1361 2551 δεῖ
1387 2505 1638 2577 δέχεσθαι,ε
1689 2503 1902 2578 ἀσμένως

218 2562 271 2607 δὲ
305 2560 531 2635 δέχεσθαι
565 2578 603 2608 e.
725 2569 753 2608 3
785 2562 1106 2637 θεραπεύειν.
1123 2565 1290 2637 θερμῶ
1311 2568 1349 2612 λ.
1384 2579 1422 2610 c.
1544 2571 1569 2610 6
1601 2561 1908 2635 ἄρνογλῶσσφ

218 2621 404 2667 Αθὺίιιεςε
437 2618 764 2679 ἆρνόγλωσσον
795 2638 834 2668 c
1001 2620 1106 2681 μετ’
1140 2639 1284 2694 αρτου
1317 2624 1442 2669 Aeta
1476 2624 1719 2681 μεταρτῶν
1750 2638 1788 2669 c.

219 2680 369 2738 σέριὸι
401 2679 526 2726 Aeta
559 2681 688 2737 σέριν
722 2696 759 2726 c.
898 2683 1049 2739 παλῆς
1080 2696 1105 2727 c
1138 2678 1297 2739 (παλιν
1327 2683 1465 2755 Aet..)
1588 2688 1614 2727 9
1646 2684 1907 2740 ψιμμνθίου

218 2754 243 2785 c
275 2740 408 2797 (item
437 2740 590 2796 infra).
714 2745 768 2785 12
802 2738 848 2785 εἰ
874 2739 934 2785 E:
968 2754 1058 2786 om.
1092 2754 1130 2786 c.
1283 2745 1338 2786 13
1369 2758 1398 2798 η
1432 2743 1558 2798 (ante
1589 2739 1693 2815 ἀφ.)
1725 2741 1783 2786 Ε·
1816 2756 1906 2788 om.

218 2813 256 2844 c.
380 2803 438 2844 14
468 2796 738 2857 περιχρήειν
770 2814 809 2846 ο.
931 2804 987 2844 22
1020 2799 1162 2857 χυλοῦ
1197 2814 1221 2844 c
1255 2801 1388 2856 (corr.
1417 2799 1487 2856 E)
1608 2799 1837 2858 ανειμένη
1868 2815 1907 2847 c.

277 2862 335 2903 23
367 2862 503 2903 κοῖλα
535 2859 594 2903 Ε·
626 2858 816 2903 ποικίλα
847 2872 884 2904 c.
1037 2862 1092 2904 25
1126 2862 1390 2916 προσανειλ.
1425 2875 1461 2905 c.
1600 2865 1656 2906 26
1689 2861 1772 2904 δεῖ
1794 2875 1908 2905 πονε
