2014 3162
715 107 1117 162 —253—

71 242 345 313 παχύτατον
383 243 438 295 έν
475 240 642 305 αὐτοῖς
672 239 839 310 ὑγρόν.
901 234 962 294 οὗ
994 238 1060 309 μὴ
1093 242 1361 311 γενομένου
1391 242 1513 297 κατὰ
1544 243 1595 298 τὸ
1628 251 1756 298 πλεῖ-

74 343 189 379 στον
242 321 560 393 ἀμβλυωπεῖν
612 325 870 391 συμβαίνει
922 319 980 374 τὰ
1030 321 1319 391 τρεφόμενα.
1424 323 1504 376 διὰ
1561 326 1615 378 δὲ
1668 331 1756 379 τοῦ

77 410 282 474 σμικροῦ
302 402 555 458 ,δακτύλου
586 405 1093 473 προαπωνυχισμένου
1123 402 1210 457 τὸν
1249 403 1508 458 δακτύλιον
1547 408 1758 459 διαστέλ-

76 494 177 540 λειν
214 486 298 539 καὶ
335 488 543 554 διαιρεῖν
567 484 620 539 τὸ
651 484 986 555 περιπεφυκὸς
1009 484 1140 557 αὐτῷ
1163 484 1396 548 πολλάκις
1421 491 1560 554 σῶμα
1583 486 1756 540 λεπτὸν

77 569 160 622 καὶ
182 565 432 636 ὗμενῶδες
463 570 532 630 εἰς
562 565 988 636 ἀπαρεμπόδιστον
1017 573 1115 620 τῶν
1145 563 1526 635 περισσωμάτων
1548 568 1757 621 ἔκδοσιν.
1782 588 1801 620 5

75 656 371 719 παραχρῆμα
419 649 546 719 γοῦν
585 649 849 717 ἐκκρίνεται
886 647 938 702 τὸ
977 647 1286 716 καλούμενον
1323 647 1561 718 συνήθως
1599 648 1758 717 μηκώ-

75 753 223 785 νειον.
270 729 391 784 κατὰ
439 730 494 784 δὲ
538 736 625 783 τοῦ
673 727 901 798 ὀμφαλοῦ
954 729 1254 800 πτυγμάτιον
1308 731 1564 798 ἐπιρρίψαι
1602 730 1759 784 ἐλαιο·

75 813 252 882 βραχὲς
290 810 321 880 ἢ
360 812 444 865 καὶ
481 813 630 879 ἔριον.
699 809 752 864 τὸ
793 811 847 863 δὲ
884 809 1096 879 κύμινον
1135 808 1201 874 ὦς
1239 809 1387 880 δριμὺ
1417 819 1759 880 παραιτεῖσθαι

75 897 163 946 δεῖ.
237 899 324 947 τοῦ
378 894 540 961 μέντοι
592 893 1004 959 καταλειφθέντος
1056 890 1285 960 ὀμφαλοῦ
1337 890 1390 946 τὸ
1445 891 1760 961 άποσφιχθὲν

73 977 225 1028 ἔνιοι
272 973 362 1042 μὲν
406 979 472 1047 τῷ
518 979 657 1046 μηρῷ
702 974 1030 1041 προσέδησαν.
1106 972 1311 1041 ἄμεινον
1357 974 1411 1026 δὲ
1451 973 1758 1026 διπλώσαντα
1783 997 1823 1028 10

73 1057 157 1109 καὶ
209 1061 274 1128 τῷ
333 1056 497 1128 ἐριδίῳ
556 1058 922 1124 περιτυλίξαντα
975 1053 1145 1128 πράως
1199 1055 1446 1108 ἐντιθέναι
1498 1053 1619 1107 κατὰ
1671 1054 1760 1123 τὴν

78 1137 312 1207 μεσότητα
340 1144 429 1191 τοῦ
468 1136 711 1205 ὀμφαλοῦ.
786 1135 907 1206 τάχα
944 1135 1038 1206 γὰρ
1076 1138 1158 1189 καὶ
1195 1143 1261 1209 τῷ
1299 1134 1438 1206 βάρει
1474 1135 1760 1205 πιεζόμενον

77 1218 130 1274 τὸ
170 1221 320 1289 μέρος
358 1222 426 1282 εἰς
464 1217 844 1287 εὐμορφωτέραν
878 1222 1110 1272 κοίλωσιν
1147 1216 1503 1287 τυπωθήσεται.

491 1385 655 1434 ΧΧΙΧ
701 1387 836 1444 Πῶς
875 1382 1345 1451 σπαργανωτέον.

190 1504 275 1552 83.
299 1498 445 1552 Μετὰ
478 1499 531 1552 δὲ
562 1498 647 1553 τὸν
677 1497 882 1567 ἆλισμὸν
912 1501 993 1551 καὶ
1025 1497 1114 1567 τὴν
1144 1496 1414 1552 ἆπόλουσιν
1446 1504 1762 1568 σπαργανοῦν
1787 1521 1828 1554 15

74 1578 127 1634 τὸ
167 1582 366 1650 βρέφος.
414 1579 755 1650 Ἀντιγένης
794 1581 883 1649 μὲν
919 1573 1011 1634 οὗν
1040 1578 1132 1648 τὴν
1162 1578 1466 1648 θεσσαλικὴν
1497 1580 1763 1650 λεγομένην

76 1661 479 1731 παραλαμβάνων
522 1661 869 1732 σπαργάνωσιν
907 1665 976 1725 εἰς
1014 1660 1162 1725 ξύλον
1211 1660 1497 1729 μεσόκοιλον
1546 1662 1627 1714 καὶ
1674 1682 1764 1713 πα-

77 1742 291 1812 ράμηκες
362 1742 527 1812 βάλλει
588 1747 784 1810 ψίαθον
844 1742 1020 1812 χόρτου
1073 1741 1234 1811 πλήρη
1284 1739 1316 1811 ἢ
1372 1741 1595 1812 ἀχύρων,
1665 1739 1763 1794 εἶτα

77 1823 431 1892 ἔπιστροόννυσι
479 1823 629 1895 ῥάκος
674 1826 757 1877 καὶ
805 1823 857 1878 τὸ
913 1826 1098 1894 βρέφος
1149 1827 1453 1876 κατακλίνων
1491 1821 1567 1876 ἐπ’
1611 1821 1762 1876 αὐτοῦ

77 1906 421 1973 κατειλημένον
458 1906 570 1974 ὀὲχρι
606 1913 691 1974 τῆς
729 1904 920 1973 ὀσφύος
959 1905 1125 1975 ῥάκεσι
1162 1907 1244 1958 καὶ
1282 1909 1505 1972 ταινίαις,
1544 1902 1643 1958 εἶτα
1682 1906 1764 1956 καὶ
1788 1927 1830 1959 20

77 1989 498 2055 προσκαταδεσμεῖ
548 1992 740 2057 κηρίαις
795 1988 1222 2056 ὃιεκβαλλομέναις
1277 1985 1359 2040 διὰ
1404 1993 1502 2040 τῶν
1546 1990 1765 2057 πλαγίων

80 2068 327 2134 έκκοπῶν,
381 2066 442 2131 ἃς
493 2066 546 2121 τὸ
602 2067 750 2131 ξύλον
804 2069 931 2137 ἔχειν
979 2071 1066 2121 δεῖ.
1153 2069 1534 2139 δυσκαρτέρητος
1585 2068 1639 2120 δὲ
1684 2070 1763 2120 καὶ

82 2146 278 2217 ἀπηνὴς
318 2146 344 2203 ὃ
382 2147 562 2218 τρόπος
601 2143 743 2212 οὗτός
782 2150 879 2202 ἔστι
916 2155 1002 2218 τῆς
1041 2150 1316 2213 διαδέσεως.
1388 2148 1512 2203 ’ὅθεν
1551 2152 1634 2202 δεῖ
1665 2152 1766 2201 δια-

78 2229 313 2284 πλάσσειν
358 2230 447 2299 μὲν
495 2228 559 2294 ὦς
605 2232 698 2299 ἔχει
749 2232 950 2285 ἕκαστον
989 2237 1205 2298 φυσικοῦ
1245 2230 1486 2301 σχήματος
1522 2232 1605 2283 καὶ
1645 2233 1694 2283 εἴ
1722 2252 1767 2282 τι

79 2309 212 2380 παρὰ
251 2310 336 2365 τὸν
373 2318 458 2379 τῆς
489 2310 810 2380 ἀποκυήσεως
841 2311 1022 2381 χρόνον
1055 2313 1376 2381 διέστραπται,
1413 2317 1555 2365 τοῦτο
1586 2314 1766 2381 ρυθμί-
1790 2333 1832 2366 25

82 2395 180 2454 ζειν
217 2393 299 2445 καὶ
337 2396 405 2456 εἰς
441 2391 495 2446 τὸ
534 2391 655 2446 κατὰ
694 2391 849 2460 φύσιν
888 2392 1110 2463 μετάγειν
1147 2400 1318 2463 σχῆμα.
1375 2396 1418 2446 εἰ
1454 2393 1510 2446 δέ
1539 2415 1583 2445 τι
1613 2413 1766 2462 παρα-

201 2506 223 2544 1
260 2496 316 2545 οὗ
350 2497 443 2558 μὴν
477 2515 501 2545 c
533 2503 667 2559 (corr.
696 2502 771 2573 D).
909 2499 1161 2559 γινομένου
1193 2515 1217 2546 c
1251 2503 1384 2559 (corr.
1416 2500 1489 2558 E).
1620 2505 1648 2545 4
1681 2496 1766 2545 αὖ·

0 2581 1 2614 f
80 2558 171 2603 τῶν
205 2573 228 2604 0
262 2561 395 2616 (corr.
428 2561 500 2618 D).
622 2566 648 2605 5
681 2557 892 2618 άπαραπ.
927 2574 950 2605 c
984 2563 1114 2618 (corr.
1148 2561 1219 2618 E).
1343 2575 1520 2616 περισσ.
1555 2559 1656 2618 (sio)
1690 2574 1725 2604 c.

39 2670 42 2671 ⁷
82 2622 108 2662 7
143 2614 366 2689 ἐπιρέψαι
400 2632 424 2662 c
456 2623 592 2678 (corr.
615 2620 690 2678 D).
812 2625 838 2665 9
871 2623 1140 2676 καταληφθ.
1174 2635 1198 2664 ο
1230 2622 1365 2677 (corr.
1381 2619 1452 2677 E).
1578 2624 1631 2663 12
1665 2634 1765 2663 πιε-

88 2673 317 2734 ζούμενον
350 2693 374 2722 c
405 2679 538 2735 (corr.
571 2681 640 2736 E).
765 2685 821 2724 14
851 2679 1018 2724 titulus
1051 2681 1186 2724 abest
1214 2680 1265 2723 in
1297 2693 1334 2724 c.
1458 2685 1512 2724 16
1543 2678 1766 2723 θαλσαλί

83 2751 173 2792 κην
205 2749 229 2780 c
261 2739 394 2792 (corr.
426 2738 499 2794 D).
624 2743 677 2783 18
709 2742 889 2795 ψίεθον
921 2753 958 2783 0.
1082 2743 1135 2783 21
1170 2737 1288 2796 πρὸς
1318 2735 1614 2811 κατάδεσμον
1647 2750 1684 2782 c.

83 2796 296 2851 κηρείαις
327 2795 426 2852 (sic,
457 2811 551 2842 non
580 2799 788 2854 κηρείας)
821 2812 860 2844 c.
981 2797 1417 2868 διεκβαλλομέναιςτ
1451 2799 1532 2841 δεῖ
1549 2790 1767 2866 ἐκβαλλό-

83 2868 226 2910 μενον
259 2868 295 2898 c.
418 2860 475 2900 24
507 2855 585 2900 καὶ
613 2858 663 2902 εἶ’
678 2873 722 2901 τι
753 2856 859 2902 DE:
897 2854 1021 2902 ἐστὶν
1054 2871 1092 2902 c.
1214 2862 1270 2902 26
1302 2853 1534 2914 μετάγειν.
1566 2850 1768 2911 σχήμασι
