2014 3162
879 127 1283 182 -336—

241 261 415 314 θέσθω
455 267 520 332 τῷ
559 257 756 329 στόματι
793 266 879 328 τῆς
917 258 1142 328 ὑστέρας,
1189 262 1272 312 καὶ
1309 259 1435 314 πολὺ
1474 266 1659 329 μᾶλλον
1698 262 1928 314 ἐντεῦθεν

244 347 335 409 τῆς
383 343 704 411 αἰμορραγίας
750 340 1080 410 ὑπαρχούσης.
1157 339 1274 395 ὅταν
1312 339 1405 410 γὰρ
1443 339 1540 395 ἀπὸ
1580 347 1677 394 τῶν
1715 340 1933 408 ἄνωθεν,

245 421 597 490 σφηνούμενον
634 422 686 476 τὸ
727 425 859 491 ἔριον
899 422 1138 474 συστέλλει
1175 420 1266 490 τὴν
1305 420 1470 492 ῥύσιν,
1509 423 1746 492 ἔγκατέχει
1785 422 1839 474 δὲ
1876 427 1935 493 τῇ

246 501 519 574 εὐρυχωρίᾳ
572 503 623 558 τὸ
681 502 971 572 ἆποκριθέν.
1077 500 1220 556 ὁπότε
1273 501 1519 572 τρυφερὸν
1572 505 1654 556 καὶ
1706 501 1935 571 καθαρὸν

198 604 221 637 5
247 583 550 654 σπογγάριον
596 586 826 652 ἐπίμηκες
877 581 1106 647 ὡσαύτως
1146 582 1414 653 διάβροχον
1453 582 1519 648 ὥς
1557 583 1776 637 ἐσωτάτω
1815 605 1936 653 παρ-

246 667 493 718 εντιθέναι
538 665 796 734 προσήκει,
852 668 936 718 ἵνα
973 663 1025 718 τὸ
1065 663 1462 733 ἀποκρινόμενον
1497 664 1936 735 παραλαμβάνηται

245 747 326 798 καὶ
373 744 438 815 μὴ
487 746 868 816 θρομβούμενον
919 750 1232 814 συμπαθείας
1287 745 1466 818 ἐξάπτῃ
1514 747 1596 799 καὶ
1641 746 1935 816 φλεγμονάς,

245 830 299 881 ἐκ
339 827 680 896 διαστημάτων
719 828 773 880 δὲ
810 826 895 880 τὸν
935 825 1152 897 σπόγγον
1190 826 1460 881 ἀλλάσσειν.
1525 825 1725 896 ἁρμόσει
1764 828 1817 880 δὲ
1854 829 1937 881 καὶ

247 909 418 973 σικύας
467 915 645 962 κολλᾶν
691 907 797 962 κατ’
842 907 1031 976 ὀσφύος
1078 908 1354 977 βουβώνων
1392 930 1440 962 τε
1477 909 1559 961 καὶ
1598 906 1839 977 λαγόνων,
1894 911 1937 961 εἰ

182 1010 224 1043 10
249 992 302 1044 δὲ
342 988 556 1045 δυνατὸν
596 993 670 1059 εἴη
709 991 790 1042 καὶ
829 993 1014 1059 ἰσχίων,
1068 989 1185 1057 μετὰ
1223 989 1379 1058 πυρὸς
1416 996 1623 1056 πολλοῦ,
1670 990 1752 1041 καὶ
1789 1007 1936 1058 προσ·

247 1073 471 1140 κειμένας
511 1074 599 1125 ἐᾶν
637 1073 717 1125 ἐπὶ
755 1070 935 1140 χρόνον
973 1070 1163 1138 ἱκανόν,
1204 1069 1307 1124 εἶτα
1343 1070 1513 1143 πρᾴως
1544 1069 1788 1124 ἀποσπᾶν.
1838 1072 1936 1124 ἔπι-

247 1155 429 1221 θέμασι
485 1154 538 1206 δὲ
592 1158 807 1223 χρῆσθαι
855 1150 973 1204 καθ’
1021 1146 1091 1205 ὧν
1140 1151 1255 1215 τοὺς
1305 1151 1552 1222 σπόγγους
1606 1153 1938 1221 έπερρίψαμεν

249 1238 466 1301 φοίνιξιν
515 1237 568 1287 ἐν
607 1238 726 1306 οἴνῳ
767 1231 993 1304 αὐστηρῷ
1031 1230 1062 1300 ἢ
1105 1232 1204 1295 ὄξει
1243 1234 1584 1303 βεβρεγμένοις
1623 1230 1739 1300 μετὰ
1777 1255 1938 1301 κηρω-

246 1322 331 1383 τῆς
369 1319 571 1385 ῥοδίνης
607 1313 639 1384 ἢ
681 1319 888 1414 μηλίνης
932 1311 965 1382 ἢ
1005 1317 1244 1382 μυρσίνης
1283 1313 1485 1381 φύλλων
1523 1317 1666 1367 λείων
1703 1312 1734 1382 ἢ
1775 1318 1941 1382 μεσπί-

183 1413 225 1447 15
248 1405 348 1451 λων
397 1421 428 1465 η
477 1401 768 1465 στυπτηρίας
817 1420 848 1465 η
903 1394 1054 1463 ἀλόης
1098 1418 1129 1463 η
1179 1394 1423 1464 οἰνάνθης
1469 1393 1501 1463 ἢ
1549 1393 1860 1460 υποκιστίδος
1906 1394 1937 1464 ἢ

248 1478 454 1542 ἆκακίας
493 1477 523 1547 ἢ
565 1482 767 1547 κηκίδος
807 1477 1127 1546 ομφακίτιδος
1164 1478 1247 1529 καὶ
1286 1478 1451 1530 ε’λαίου
1484 1475 1817 1546 νεοτριβοῦς
1796 1500 1828 1545 η
1862 1481 1939 1548 ρο-

249 1564 395 1614 δίνου
434 1558 466 1627 ἢ
507 1564 747 1629 μυρσίνου
786 1557 819 1627 ἢ
862 1562 1083 1628 σχινίνου
1122 1555 1155 1626 ἢ
1197 1561 1423 1626 μηλίνου,
1461 1556 1492 1627 ἢ
1534 1557 1683 1611 πάλιν
1721 1566 1822 1622 τοῖς
1853 1557 1938 1612 διά

247 1664 377 1705 τινος
423 1640 550 1704 πόας
597 1639 879 1709 στυφούσης
925 1641 1007 1692 καὶ
1054 1638 1340 1709 ψυχούσης,
1388 1636 1496 1693 οἷον
1533 1637 1815 1708 ἆνδράχνης
1853 1637 1940 1694 ‘2⁰10-

249 1722 472 1792 σκυάμου
524 1721 870 1793 ἆρνογλῶσσου
921 1725 1136 1789 ψυλλίου
1187 1718 1428 1790 στρύχνου
1482 1724 1736 1790 περδικίου
1791 1728 1940 1775 πολυ-

180 1821 224 1853 20
247 1803 400 1874 γόνου
441 1805 638 1874 σέρεως,
694 1802 809 1872 μετὰ
855 1801 1015 1870 πάλης
1053 1800 1260 1869 ἀλφίτου
1300 1803 1382 1854 καὶ
1421 1800 1566 1865 ὄξους
1603 1800 1635 1870 ἢ
1677 1806 1937 1870 φοινίκων,

247 1884 623 1954 ἆλλασσομένων
669 1885 870 1938 πάντων
916 1884 1270 1952 συνεχέστερον.
1350 1882 1689 1954 εὖτονωτέροις
1736 1884 1789 1937 δε
1828 1890 1940 1982 χρῆ-

248 1974 369 2019 σθαι
407 1973 508 2030 τοῖς
546 1974 758 2032 πεσσοῖς,
800 1964 907 2019 οἷον
937 1968 1103 2033 κηκίδι
1135 1963 1298 2036 μάννῃ
1330 1968 1566 2034 χαλκίτιδι
1598 1968 1646 2029 ἐξ
1679 1968 1789 2019 ἴσου
1821 1963 1937 2034 μετὰ

247 2048 461 2117 γλυκέως
509 2050 672 2115 οἴνου,
719 2071 750 2115 η
806 2049 973 2099 σποδω
1011 2069 1043 2114 η
1084 2051 1141 2116 τῇ
1187 2044 1314 2115 υγρᾶ
1360 2050 1509 2118 πίσση
1557 2045 1774 2116 σπόγγου
1824 2050 1939 2115 βρα-

248 2130 430 2198 χέντος,
470 2126 569 2182 εἶτα
607 2129 689 2181 καὶ
722 2125 856 2191 ε’ντὸς
887 2127 1262 2196 εἰσαχθέντος.
1287 2125 1363 2196 ,ἢ
1405 2131 1554 2196 ξηρᾶς
1592 2126 1784 2197 τρυγός,
1824 2125 1940 2196 μετά

251 2340 557 2412 εντιθέμενον
590 2356 626 2386 c.
733 2346 758 2385 3
790 2337 876 2396 τὴν
909 2335 1199 2411 ευρυχωρίαν
1232 2353 1256 2383 o
1289 2338 1362 2393 (cf.
1390 2337 1449 2381 ΕΞ
1465 2353 1516 2411 p.
1537 2340 1626 2395 58).
1728 2342 1754 2383 5
1788 2334 1939 2383 ὡσαύ-

249 2417 338 2451 τως
379 2397 630 2460 διάβροχον
670 2400 729 2444 E:
777 2400 1085 2454 προστίθεται
1116 2395 1337 2448 ὡσαύτως
1368 2396 1421 2442 δε
1455 2394 1729 2457 ἇβροχονα,
1885 2402 1936 2442 11

251 2459 332 2503 καὶ
364 2462 472 2504 ante
509 2475 580 2516 πρ.
615 2474 638 2504 c
671 2458 777 2512 (del.
810 2457 882 2515 E).
1013 2462 1068 2502 16
1101 2453 1372 2515 ὄμφακίνου
1407 2469 1445 2502 c.
1567 2455 1648 2500 καὶ
1681 2451 1803 2514 (έλ.)ε
1836 2451 1865 2512 ἢ
1899 2469 1937 2501 c.

311 2523 364 2562 17
399 2523 517 2569 τοῖςε
549 2519 688 2575 τῆςο
824 2521 880 2561 23
913 2514 1107 2582 γλυκέος
1137 2531 1162 2561 c
1195 2515 1381 2588 (deinde
1415 2517 1546 2560 οἴνου
1581 2515 1669 2561 del.
1694 2516 1766 2572 Ε),
1858 2515 1940 2571 τῆς

248 2572 396 2634 υγρᾶς
427 2578 591 2632 πίσσης
622 2591 659 2622 o.
811 2581 869 2620 24
901 2581 1037 2622 εῑτα.
1088 2572 1450 2632 ,εἰσαχθέντοςε
1485 2575 1551 2619 sio
1584 2587 1608 2616 0
1639 2575 1722 2630 (sc.
1751 2574 1938 2620 vasculo

249 2635 432 2680 inclusa
463 2636 660 2692 spongia
695 2636 835 2692 atque
878 2635 942 2679 sic
974 2635 1110 2691 usta).
1176 2634 1343 2678 desunt
1382 2633 1636 2689 quaedam,
1682 2631 1732 2677 in
1771 2632 1938 2688 quibus

249 2696 379 2739 ustae
423 2694 589 2739 cineris
630 2694 879 2750 disciplina
917 2694 1151 2764 trada12ur‚
1201 2693 1320 2737 sicut
1359 2691 1407 2735 in
1446 2693 1776 2736 lat.vers.e1:
1815 2704 1875 2748 ap
1877 2691 1941 2736 ud

253 2752 377 2798 Cael.
412 2755 506 2798 chr.
539 2757 704 2808 2,168.
843 2747 961 2808 ξηροὶ
993 2747 1137 2809 τρύγη
1170 2751 1269 2808 (sic)
1303 2765 1342 2796 ο.
1404 2751 1459 2796 of
1495 2765 1567 2809 ap.
1603 2750 1725 2795 CaeL
1759 2707 1985 2795 οονιῖίοίεὲέ

251 2813 428 2858 vasculi
470 2812 762 2857 vetustissimi
805 2812 906 2856 vini
946 2812 1095 2855 exusti
1140 2814 1180 2854 et
1222 2811 1324 2855 triti
1363 2811 1595 2865 pulverem
1633 2810 1709 2855 vel
1748 2810 1940 2855 cinerem
1981 2855 1984 2858 ⁴

251 2872 345 2918 chr.
381 2877 423 2929 2,
452 2876 683 2917 165.16’7.
749 2871 814 2915 sic
845 2872 892 2915 etz
923 2870 999 2914 hic
1033 2869 1189 2930 σποδῷ
1222 2886 1273 2926 η.
1325 2886 1372 2926 ,η
1406 2870 1548 2927 ξηρᾶς
1577 2865 1755 2926 τρυγός.
