2014 3162
694 118 1089 171 —373-

57 247 327 316 φανήσεται
364 255 609 312 παντελῶς
644 252 854 318 ἔναιμος,
895 249 1016 303 κατὰ
1049 249 1324 319 προήγησίν
1355 273 1484 314 τινος
1517 250 1742 314 πτώσεως

55 326 87 396 ἢ
135 332 247 396 βίας
297 327 429 391 τινὸς
466 327 498 396 ἢ
538 337 742 399 πληγῆς.
821 330 939 384 ὅταν
978 331 1030 383 δὲ
1069 329 1174 383 κατ’
1219 330 1549 398 ἐπιχαλασμὸν
1586 329 1618 399 ἢ
1657 333 1742 384 καὶ

55 408 354 478 παράλυσιν,
403 408 494 462 οὐκ
533 412 730 479 ἕναιμος
770 411 880 464 οὔτε
918 412 1185 479 παχυτέρα,
1241 413 1323 463 καὶ
1360 409 1481 463 κατὰ
1519 410 1571 463 τὸ
1610 419 1743 463 πλεῖ-

54 507 168 542 στον
199 491 248 552 ἐξ
288 487 476 556 ἀδήλου
515 490 829 559 προφάσεως,
870 489 1056 554 ἐνιάκις
1096 492 1148 543 δὲ
1186 493 1270 543 καὶ
1313 490 1432 543 κατὰ
1476 490 1562 553 τὰς
1591 490 1743 554 αὐτὰς

60 577 161 632 ταῖς
191 571 447 638 προτέραις
478 570 777 638 περιστάσεις
800 571 1109 640 παραλύεται.
1167 573 1248 624 καὶ
1270 571 1419 623 πάλιν
1444 570 1540 624 ἀπὸ
1567 572 1744 639 μέρους
1767 595 1787 627 5

53 651 142 717 μὲν
181 649 332 718 αὐτῆς
369 657 773 719 προπεπτωκυίας
804 651 1187 718 ἆπευθυσμένου
1219 650 1402 719 τρόπον
1431 653 1479 713 ἕξ
1505 652 1745 718 ἑκατέρων

53 737 150 783 τῶν
183 738 344 800 μερῶν
375 732 778 801 ἐκπροπτώσεις(
757 739 978 802 ορῶνται.
1018 731 1123 785 κατ’
1145 731 1419 801 ἐκστροφὴν
1445 732 1496 784 δὲ
1520 738 1605 799 τῆς
1630 731 1746 830 όλης

52 816 360 880 περιφερείας
399 812 545 881 ὄγκος
584 811 874 881 στρογγύλος
915 811 1180 879 εὑρίσκεται
1212 816 1498 879 προπίπτων
1531 811 1746 901 ἐμφερὴς

53 890 150 963 ᾠῷ,
189 893 304 945 ποτὲ
343 893 432 959 μὲν
472 895 526 945 ἐν
564 899 630 965 τῷ
669 897 932 963 γυναικείῳ
974 894 1136 959 μένων
1173 892 1357 963 κόλπῳ,
1396 893 1510 946 ποτὲ
1545 894 1598 945 δὲ
1629 915 1746 961 προ-

50 971 319 1040 χειρότερος
349 973 638 1042 γιγνόμενος
668 974 751 1025 καὶ
780 971 876 1070 πρὸ
908 978 1005 1025 τῶν
1029 972 1436 1042 πτερυγωμάτων,
1475 972 1743 1040 ἐνερευθὴς
1768 999 1811 1031 10

54 1051 159 1104 κατ’
204 1052 373 1122 ἀρχάς,
413 1053 686 1116 ὖπόλευκος
726 1054 779 1106 δὲ
819 1052 1034 1151 ύστερον.

166 1133 563 1202 συγχωρήσαντες
596 1135 650 1186 δὲ
673 1136 755 1187 καὶ
780 1133 901 1201 όλην
921 1131 953 1199 ἢ
986 1132 1083 1187 άπὸ
1109 1135 1286 1202 μέρους
1319 1132 1475 1200 αυτὴν
1498 1139 1748 1202 προπετῶς

57 1215 314 1282 φέρεσθαι,
355 1213 651 1282 μεμφόμεθα
688 1219 884 1282 πρῶτον
922 1213 1010 1281 μὲν
1050 1213 1420 1283 Εὐρυφῶντα
1460 1213 1525 1266 δι’
1565 1211 1748 1282 ἡμέρας

49 1289 132 1346 καὶ
185 1293 363 1357 νυκτὸς
416 1294 532 1362 ’ὅλης
586 1294 675 1362 τὴν
722 1293 1010 1361 κάμνουσαν
1059 1295 1383 1364 ἐξαρτήσαντα
1428 1300 1524 1346 τῶν
1571 1298 1747 1347 ποδῶν

52 1373 151 1427 άπὸ
196 1379 454 1443 κλιμακίου
501 1375 704 1428 κᾶπειτα
746 1378 1099 1427 κατακλίναντα
1139 1376 1227 1443 μὲν
1267 1373 1444 1427 ὑπτίαν
1482 1376 1742 1443 θρέψαντα
1771 1401 1814 1433 15

52 1457 105 1508 δὲ
159 1455 371 1527 πτισάνῃ
418 1462 601 1529 ψυχρᾷ.
695 1454 1071 1523 ἀνυπομόνητος
1119 1478 1211 1554 γαρ
1265 1453 1296 1522 ἢ
1345 1454 1607 1524 ἆνάρτησις
1659 1459 1743 1508 καὶ

49 1536 290 1605 φυσώδης
338 1535 370 1605 ἡ
409 1537 568 1604 τροφὴ
609 1560 690 1589 και
732 1535 930 1604 άτεχνος
968 1534 999 1603 ἡ
1039 1542 1135 1588 τῶν
1172 1534 1369 1604 ἡμερῶν
1409 1541 1741 1633 διαρίθμησις,

49 1620 98 1680 ἐξ
153 1620 224 1670 ὡν
280 1621 348 1681 εἰς
399 1617 516 1680 τοὶ-ς
561 1640 764 1686 καιρους
811 1615 1089 1684 ἀποβλέπει.
1178 1615 1438 1685 Εὐήνωρ
1486 1618 1540 1669 δὲ
1587 1617 1742 1685 σάρκα

52 1702 223 1767 βοείαν
261 1700 516 1766 ἐντίθησιν
555 1702 624 1762 εἰς
661 1697 713 1751 τὸ
752 1705 1035 1767 γυναικεῖον
1074 1702 1284 1763 αἰδοῖον,
1324 1697 1415 1751 οὐκ
1455 1697 1597 1760 εἰὸως
1627 1720 1742 1760 τους

0 1803 1 1820 ³
51 1778 149 1833 άπὸ
189 1785 274 1847 τῆς
314 1779 513 1847 σήψεως
552 1783 731 1849 ἰχῶρας
768 1786 824 1850 τῇ
873 1778 1124 1847 δριμύτητι
1170 1785 1325 1846 νομῆς
1371 1783 1555 1841 αἰτίους
1600 1778 1740 1848 γενή-
1763 1805 1805 1837 20

49 1869 235 1914 σεσθαι.
314 1866 573 1928 Διοκλῆς
624 1862 677 1912 δὲ
727 1862 780 1913 ἐν
828 1866 893 1933 τῷ
943 1856 975 1930 β
1027 1866 1124 1912 τῶν
1162 1864 1456 1928 γυναικείων
1495 1861 1742 1928 ἐνθλίβων

49 1947 244 2008 πνεῦμα
293 1940 374 1993 διὰ
421 1948 734 2010 χαλκευτικῆς
782 1941 946 2009 φύσης
984 1941 1199 1994 ἐντάσσει
1237 1939 1326 2007 τὴν
1366 1939 1594 2006 ὑστέραν,
1643 1939 1742 1993 εἶτα

53 2020 172 2091 ῥοὰς
210 2023 477 2089 περιλέψας
515 2024 597 2075 καὶ
637 2026 706 2086 εἰς
744 2023 856 2086 ὅξος
894 2021 1199 2090 ἀποβάπτων
1235 2023 1478 2089 ἐντίθησι,
1527 2020 1742 2088 στρόφον

54 2103 142 2170 μὲν
195 2101 525 2172 ἐργασάμενος
571 2102 654 2156 διὰ
699 2109 787 2156 τοῦ
834 2102 1134 2171 πνεύματος,
1187 2109 1369 2169 θλῖψιν
1420 2102 1474 2153 δὲ
1529 2100 1611 2153 διὰ
1658 2107 1742 2168 τῆς

166 2245 192 2283 3
226 2235 334 2283 ου’τε
367 2236 578 2310 παχύτης
610 2239 712 2296 (sio)
747 2253 791 2284 c:
828 2254 915 2285 om.
950 2241 1000 2284 E.
1111 2244 1136 2283 5
1169 2255 1291 2289 ταιςε
1326 2237 1477 2288 αἰτίας
1510 2252 1534 2282 ο
1567 2237 1741 2294 (αἰτίας

46 2303 148 2349 ταῖς
170 2298 241 2354 Ε).
315 2294 643 2368 περιστάσεις
662 2313 686 2342 o
717 2299 855 2356 (-σεσι
872 2299 945 2356 D).
1070 2304 1094 2342 6
1117 2294 1456 2368 προπεπτώκει
1489 2294 1666 2340 απευθ.
1701 2312 1738 2341 c.

49 2361 74 2401 ’1
109 2353 427 2431 ἐμπεπτῶσεις
459 2370 496 2400 c.
589 2358 672 2414 τῆς
704 2371 792 2403 om
828 2371 851 2401 c
886 2357 1009 2414 (add.
1042 2357 1079 2399 Ε
1113 2352 1223 2412 ὅλης
1255 2356 1337 2427 τῇς
1369 2358 1448 2411 π.).
1564 2359 1590 2398 8
1623 2353 1740 2410 πρὸς

47 2417 230 2460 πίπτων
264 2413 300 2460 ἐ.
335 2413 396 2467 ὡς
425 2415 539 2460 ποτὲ
574 2431 598 2460 c
624 2421 754 2473 (corr.
779 2416 832 2471 E,
867 2417 922 2462 ef.
949 2417 1065 2472 lat..)
1190 2419 1241 2458 12
1275 2409 1303 2470 ἢ
1338 2427 1427 2458 om
1462 2428 1485 2458 c
1518 2414 1639 2470 (add.
1666 2414 1738 2469 E).

110 2479 162 2520 13
197 2473 450 2546 φέρεσθαι
468 2490 556 2521 om.
591 2489 616 2519 c
649 2476 772 2530 (add.
805 2452 876 2532 Ε).
1021 2473 1107 2531 μὲν
1141 2488 1227 2518 om.
1263 2487 1286 2516 c
1308 2472 1440 2542 (add.
1474 2473 1542 2528 E).
1685 2477 1740 2516 14

52 2527 178 2604 ολης
191 2531 277 2590 τὴν
308 2533 364 2578 E:
421 2529 534 2590 ολην
568 2532 850 2592 (κάμνουσα)
883 2548 920 2578 c.
1076 2538 1128 2577 16
1162 2529 1349 2588 ψυχράν
1383 2546 1406 2576 c
1440 2532 1575 2587 (corr.-
1605 2531 1677 2586 D).

49 2597 104 2636 18
149 2588 437 2652 αποβλέπειν
482 2608 505 2638 c
550 2595 682 2650 (corr.
715 2594 787 2650 E).
850 2593 910 2637 ad
953 2607 1051 2637 rem
1099 2593 1177 2647 (sc.
1193 2586 1422 2664 ,καιρούὠ
1455 2588 1516 2631 Ε2
1562 2589 1740 2634 conferi:

46 2650 187 2707 Hipp.
223 2653 366 2708 (gyn.)
396 2651 461 2707 ΙΙ,
488 2656 587 2698 820.
741 2657 797 2697 20
832 2648 883 2696 ἐν
914 2653 969 2709 τῆ
1003 2653 1073 2707 δρ.
1107 2664 1131 2694 c
1163 2645 1234 2706 (ἐν
1267 2649 1355 2693 del.
1389 2647 1459 2705 E).
1596 2653 1649 2691 21
1686 2645 1738 2690 ἐν

47 2725 109 2781 τῷ
143 2727 194 2794 βε
237 2722 288 2769 ἐν
320 2725 381 2768 τῶ
416 2722 666 2770 δωδεκάτω
700 2727 781 2782 (sc.
815 2729 861 2783 ιβ
893 2739 976 2782 pro
1010 2714 1112 2783 β)ο
1089 2722 1220 2778 c(.cf
1256 2723 1314 2778 ΙΙ,
1340 2727 1395 2766 53
1422 2723 1469 2765 et
1494 2722 1579 2778 29).
1680 2725 1736 2764 22

49 2770 262 2828 ἐντάσσει
293 2784 352 2828 E:
386 2782 487 2829 εἶτα
521 2781 763 2829 ἐντάσσειν
789 2797 826 2828 e.
950 2789 1004 2828 23
1038 2780 1364 2839 περιλέψαςΙ)
1377 2798 1386 2824 :
1419 2777 1682 2836 περιψύξας
1713 2793 1737 2822 ο

52 2839 333 2900 (περιψήσας
364 2843 435 2900 Ε).
