2014 3162
734 108 1132 161 —287—

198 246 316 294 113.
367 248 508 295 τοῦτο
550 243 603 295 δὲ
641 244 723 295 καὶ
762 247 945 310 μᾶλλον
984 242 1063 293 ἐπὶ
1092 239 1280 310 Ῥώμης
1318 242 1609 312 γιγνόμενον
1645 251 1771 296 θεω-

82 329 249 391 ρεῖται,
274 320 445 386 καθὼς
478 324 567 391 μέν
597 345 754 387 τινες
784 321 1223 391 ὑπολαμβάνουσιν
1255 321 1326 375 ’ὅτι
1349 331 1561 391 ψυχροῖς
1590 323 1771 377 ὕδασιν

81 400 111 471 ἡ
165 401 305 466 πόλις
358 401 585 456 κάτωθεν
640 407 905 474 διαρρεῖται
956 405 1038 456 καὶ
1092 402 1151 456 τὰ
1209 402 1407 471 σώματα
1451 404 1770 474 περιψύχεται

81 487 278 556 ῥᾳδίως,
331 483 505 548 καθώς
561 487 615 539 δέ
663 507 817 549 τινες
862 486 1056 555 λέγουσι
1093 486 1176 538 καὶ
1216 485 1299 538 διὰ
1336 484 1421 549 τὰς
1453 485 1635 555 συχνὰς
1671 494 1772 540 τῶν

78 571 329 635 γυναικῶν
372 570 641 630 συνουσίας
679 564 712 635 ἢ
755 566 837 620 διὰ
874 565 927 620 τὸ
968 566 1084 634 μετὰ
1124 568 1285 635 μέθην
1323 575 1428 631 ταῖς
1466 575 1766 636 συμπλοκαῖς

78 653 308 715 χρῆσθαι,
345 645 398 700 τὸ
439 646 486 700 δ’
532 647 716 716 ἀληθὲς
755 647 839 701 διὰ
878 652 1234 718 παιδοτροφίας
1272 648 1513 717 ἆπειρίαν.
1576 648 1637 703 οὗ
1675 648 1767 719 γὰρ

80 730 285 798 ἔγκειται
329 728 539 797 τοσαύτη
594 727 768 798 στοργὴ
817 737 921 793 ταῖς
966 731 1022 782 ἐν
1066 737 1123 803 τῇ
1170 729 1317 784 πόλει
1346 732 1573 800 γυναιξὶν
1612 729 1677 794 ὦς
1713 729 1768 784 τὸ

78 808 196 862 καθ’
241 811 443 864 ἕκαστον
488 809 783 878 ἐπιβλέπειν,
821 808 882 863 ὃν
911 809 1095 879 τρόπον
1124 810 1419 879 πράττουσιν
1454 815 1509 864 αἱ
1534 819 1770 880 καθαρῶς

71 888 367 959 Ἑλληνίδες.
446 889 662 959 μηδενὸς
711 886 803 944 οὗν
850 890 1244 960 ἐπιθεωροῢντος
1289 892 1347 945 τὰ
1392 892 1635 962 κινήματα
1671 900 1769 946 τῶν

77 977 280 1042 βρεφῶν
326 973 661 1040 διαστρέφεται
699 971 757 1024 τὰ
796 978 929 1026 κῶλα
965 978 1064 1026 τῶν
1102 977 1349 1026 πλείστων.
1427 973 1546 1027 ’ὅλον
1583 973 1676 1043 γὰρ
1713 973 1765 1027 τὸ

76 1052 230 1122 βάρος
274 1059 361 1107 τοῦ
408 1052 630 1121 σώματος
678 1052 912 1107 ἐπίκειται
957 1061 1058 1117 τοῖς
1105 1055 1311 1121 σκέλεσι,
1358 1053 1551 1123 στερεὸν
1594 1055 1648 1107 δὲ
1685 1056 1769 1107 καὶ

1789 588 1812 620 5

1793 994 1837 1024 10

78 1133 352 1203 ἀπόκροτον
389 1134 442 1189 τὸ
481 1137 668 1202 ἔδαφος
707 1132 773 1198 ὥς
810 1133 875 1188 ἂν
912 1134 1034 1188 κατὰ
1063 1133 1117 1188 τὸ
1147 1142 1370 1189 πλεῖστον
1401 1139 1562 1199 λίθοις
1594 1137 1767 1204 ἐστρω-
1822 1194 1826 1198 ,

77 1218 238 1284 μένον.
291 1216 410 1270 ’ὅταν
448 1211 540 1270 οὗν
578 1214 842 1270 ἀντίτυπον
881 1216 970 1284 μὲν
1007 1210 1040 1286 ’ᾗ
1077 1214 1201 1268 καθ’
1241 1211 1301 1270 οὗ
1332 1219 1508 1284 βαίνει,
1551 1215 1683 1285 βαρὺ
1714 1217 1769 1268 δὲ

77 1296 130 1351 τὸ
169 1299 491 1366 ἐπικείμενον,
528 1297 774 1366 τρυφερὸν
814 1298 868 1350 δὲ
904 1296 958 1351 τὸ
990 1296 1255 1366 βαστάζον,
1300 1296 1405 1350 κατ’
1449 1296 1672 1367 ἀνάγκην
1709 1296 1767 1350 τὰ

74 1385 212 1432 κῶλα
250 1377 550 1432 ὑπενδίδωσι
589 1378 735 1447 μήπω
774 1385 871 1432 τῶν
910 1377 1091 1432 ὀστέων
1127 1380 1480 1447 τετονωμένων.

190 1467 309 1514 114.
345 1463 495 1513 ἔνθεν
518 1459 868 1522 ὅτανκαθίζειν
898 1466 1092 1528 πρῶτον
1123 1459 1338 1527 ἄρξηται,
1372 1465 1653 1529 περιβολαῖς
1682 1463 1768 1528 ἷμα

76 1546 194 1595 τίων
218 1540 336 1595 αὐτὸ
369 1543 520 1596 οἱονεὶ
551 1543 822 1610 παραθέσει
850 1547 949 1594 τῶν
987 1539 1277 1609 ἇνακρατεῐν
1316 1539 1434 1594 αὐτὸ
1474 1542 1768 1608 δυναμένων

76 1624 366 1691 διερειστέον
403 1625 490 1676 καὶ
530 1622 590 1676 οὐ
630 1624 766 1692 μέχρι
803 1622 987 1677 πολλοῦ
1027 1620 1079 1675 τὸ
1118 1627 1326 1691 πρῶτον.
1393 1621 1674 1691 προκόπτον
1713 1623 1768 1675 δὲ

78 1710 260 1772 μᾶλλον
299 1705 392 1767 ἕως
429 1710 517 1758 τοῦ
557 1705 720 1774 ἕρπειν
758 1705 842 1757 καὶ
871 1702 995 1772 πρὸς
1027 1702 1202 1772 μικρὸν
1234 1705 1594 1771 ἐξανίστασθαι,
1633 1704 1766 1774 παρὰ

75 1792 236 1854 τοῖχον
275 1783 393 1839 αὐτὸ
434 1783 760 1853 διαστήσαντα
797 1792 1095 1851 καταλιπεῖν,
1147 1783 1270 1838 κατὰ
1308 1784 1552 1854 πρόβασιν
1592 1786 1646 1838 δὲ
1683 1788 1765 1839 καὶ

74 1865 198 1935 πρὸς
247 1870 430 1935 δίφρον
483 1864 776 1935 ὑπότροχον.
851 1865 1007 1930 οὕτως
1054 1868 1108 1919 ἐκ
1153 1873 1239 1935 τῆς
1283 1865 1404 1920 κατὰ
1451 1866 1609 1936 βραχὺ
1648 1885 1765 1920 συν-

77 1946 328 2015 αυξήσεως
361 1947 608 2016 μελετήσει
645 1947 736 2016 τὴν
775 1949 1014 2017 ἐπίβασιν.

186 2030 267 2081 καὶ
306 2034 455 2082 ταῦτα
493 2029 582 2097 μὲν
619 2030 729 2096 περὶ
767 2028 1020 2097 κινήσεως,
1060 2030 1170 2098 ἑξῆς
1210 2029 1264 2081 δὲ
1302 2030 1385 2082 καὶ
1422 2031 1533 2098 περὶ
1581 2036 1767 2099 τροφῆς

75 2107 407 2163 ὑποδεικτέον.

141 2276 256 2324 XLI
294 2271 445 2326 Πότε
483 2273 584 2326 καὶ
623 2277 747 2335 πῶς
785 2269 1334 2342 ἄπογαλακτιστέον
1371 2270 1430 2325 τὸ
1469 2273 1703 2342 βρέφος.

191 2388 309 2436 115.
372 2384 565 2452 Μέχρις
619 2377 711 2436 οὗν
758 2387 1070 2453 συνδιαπαγῇ
1114 2380 1167 2436 τὸ
1217 2381 1424 2450 νήπιον,
1475 2382 1609 2456 μόνῳ
1658 2387 1761 2436 δια-

75 2466 328 2534 τρεφέσθω
360 2464 576 2534 γάλακτι.
651 2470 831 2518 στενῶν
869 2462 963 2533 γὰρ
1001 2465 1068 2516 ἔτι
1105 2469 1203 2516 τῶν
1241 2461 1566 2532 ἀραιωμάτων
1604 2462 1762 2533 ὑπαρ-

197 2615 219 2653 1
254 2623 302 2654 se
336 2610 462 2654 uitur
491 2610 541 2654 in
573 2624 598 2654 c
627 2609 738 2654 novi
770 2623 872 2666 cap.
903 2607 1147 2666 inscriptio
1194 2605 1294 2667 πβ’.
1343 2606 1438 2653 Διά
1470 2610 1519 2653 τί
1545 2605 1602 2653 τὰ
1635 2611 1761 2653 πλεῖ-

76 2683 160 2713 στα
192 2669 283 2712 τῶν
342 2685 369 2712 ν
401 2667 530 2727 ῥ’ώμη
561 2670 747 2713 παίδων
778 2667 1126 2724 διαστρέφεται.
1190 2682 1332 2725 quam
1375 2669 1466 2713 del.
1499 2669 1550 2712 E.
1733 2673 1758 2712 3

76 2729 339 2783 διαρρεῖται
384 2727 574 2785 (Herw.)
620 2727 682 2772 Ε2
723 2743 768 2785 p.
794 2732 872 2772 49:
928 2729 1182 2784 διαιρεῖται
1214 2742 1252 2774 c.
1434 2733 1459 2772 9
1493 2721 1581 2772 οὖν
1613 2740 1700 2771 om.
1734 2740 1760 2770 c

31 2806 34 2808 ·
77 2786 199 2843 (add.
233 2786 303 2842 E).
449 2792 504 2831 13
537 2784 669 2843 μένει
698 2788 1006 2844 καθουβλίνει
1038 2786 1139 2844 (sic)
1173 2801 1210 2834 c.
1353 2792 1410 2832 20
1442 2781 1700 2845 πρόσβασιν
1733 2799 1761 2829 c

76 2849 206 2901 (corr.
239 2845 310 2903 E).
431 2850 486 2890 27
523 2845 590 2890 ἔτι
619 2846 682 2890 D:
717 2843 795 2891 ἐπὶ
825 2861 863 2891 c.

1792 1395 1837 1429 15

1790 1803 1837 1834 20

1787 2288 1834 2322 25
