2014 3162
871 97 1272 152 —256—

234 255 281 286 τε
320 234 402 286 καὶ
439 236 682 300 καθαροῦ.
755 231 995 299 ἐνδέχεται
1035 230 1088 284 δὲ
1126 232 1210 283 καὶ
1247 228 1344 284 ὑπὸ
1383 252 1436 286 το
1476 231 1781 302 μετάφρενον
1819 235 1922 287 ἐπί-

235 334 385 382 μηκες
430 315 511 366 καὶ
557 310 712 366 πλατὺ
753 311 904 383 ῥάκος
941 309 973 381 ἢ
1013 314 1145 380 ἔριον
1181 312 1591 382 προυποβάλλειν.
1668 312 1768 368 εἶτα
1805 314 1920 383 μετὰ

234 394 325 463 τὴν
374 396 654 464 ἔμπροσθεν
716 395 977 462 εἰρημένην
1031 391 1380 463 σπαργάνωσιν
1433 398 1545 464 δίχα
1596 402 1683 450 τοῦ
1735 398 1924 460 ἔξωθεν

237 475 347 540 ἑνὸς
399 476 483 529 καὶ
530 481 705 530 κοινοῦ
758 473 881 528 κατὰ
934 473 1135 527 πάντων
1188 482 1462 544 τελαμῶνος
1507 475 1816 532 ἀναδιπλοῦν
1868 477 1921 532 τὸ

192 581 214 614 5
238 557 563 626 ὑποκείμενον
615 555 765 627 ῥάκος
811 554 846 625 ἢ
899 554 953 610 τὸ
1000 558 1133 624 ἔριον
1178 562 1374 624 πρῶτον
1420 557 1509 626 μὲν
1552 557 1674 611 κατὰ
1721 557 1779 612 τὰ
1817 559 1922 613 ἅνω

237 641 356 708 μέρη
409 636 507 692 ὑπὸ
553 637 640 692 τὸν
677 634 943 707 τράχηλον,
991 635 1107 690 εῐθα
1143 636 1262 691 καθ’
1306 636 1424 692 ὅλου
1461 639 1550 693 τοῦ
1589 643 1774 708 νηπίου
1813 645 1925 711 δίχα

234 726 322 788 τῆς
367 725 599 788 κεφαλῆς.
675 717 879 789 ὕστερον
926 719 979 772 δὲ
1025 720 1301 792 πλατυτέρῳ
1351 726 1590 789 τελαμῶνι
1625 722 1710 774 καὶ
1748 719 1923 776 ὡσανεὶ

235 803 377 855 πέντε
431 799 685 854 δακτύλων
738 799 790 854 τὸ
843 799 1024 863 πλάτος
1071 799 1190 854 ὅλον
1234 806 1575 871 περιτυλίττειν
1619 801 1672 856 τὸ
1722 804 1924 872 βρέφος,

235 881 326 951 τὴν
374 883 428 936 δὲ
466 881 690 951 κεφαλὴν
730 880 797 946 ὥς
833 880 1155 950 ὑπεδείξαμεν
1200 883 1408 937 σκέπειν.
1470 885 1711 953 ἐνδέχεται
1750 885 1804 938 δὲ
1842 887 1926 939 καὶ

172 988 213 1021 10
239 963 332 1019 δύο
372 965 460 1032 μὲν
498 962 906 1033 ὑποστρωννύναι
945 963 1088 1033 ῥάκη,
1139 962 1205 1017 ἵν’
1247 959 1280 1036 ᾗ
1318 963 1372 1018 τὸ
1412 965 1502 1033 μὲν
1539 964 1799 1036 εὐμέγεθες
1844 968 1926 1020 καὶ

209 1044 288 1101 ’τὸ
330 1045 448 1101 ὅλον
485 1050 767 1115 περιλαβεῖν
797 1052 936 1114 σῶμα
968 1045 1266 1114 δυνάμενον,
1303 1045 1356 1100 τὸ
1390 1047 1444 1100 δὲ
1474 1046 1619 1117 χάριν
1647 1054 1735 1102 τοῦ
1766 1047 1926 1116 μόνην

235 1126 326 1196 τὴν
363 1126 528 1196 ὀσφὺν
565 1134 842 1197 περιελθεῖν
880 1125 1115 1196 αὐταρκὲς
1139 1131 1207 1191 εἰς
1236 1125 1493 1197 ὑποδοχὴν
1522 1135 1619 1182 τῶν
1651 1128 1926 1198 σκυβάλων.

238 1208 298 1263 ού
338 1213 417 1262 δεῖ
449 1207 541 1279 γὰρ
574 1207 639 1272 ὡς
678 1210 1051 1278 ἐπαχθηθέντος
1081 1210 1192 1281 ἐρίῳ
1234 1210 1324 1277 μὲν
1352 1210 1562 1282 καθαρῷ
1601 1208 1688 1264 τὸν
1717 1209 1926 1280 θώρακα

237 1289 353 1359 μετὰ
391 1297 477 1345 τοῦ
509 1292 820 1360 έπνγαστρίου
851 1295 1146 1360 περιλαβεῖν,
1184 1289 1242 1343 τὰ
1274 1291 1329 1344 δὲ
1359 1290 1505 1344 λοιπὰ
1537 1290 1602 1360 μὴ
1629 1297 1926 1362 περιλαβεῖν,

170 1393 213 1426 15
239 1370 304 1435 ὡς
343 1375 623 1443 ἔμπροσθεν
663 1371 936 1442 εἰρήκαμεν.

400 1540 538 1588 ΧΧΧ
577 1537 724 1604 Περὶ
761 1541 867 1604 τῆς
906 1540 1006 1589 τοῦ
1045 1536 1310 1604 βρέφους
1346 1539 1762 1600 κατακλίσεως.

351 1644 435 1692 85.
476 1637 602 1692 Εἶτα
639 1637 691 1693 τὸ
731 1637 917 1708 βρέφος
954 1642 1259 1691 κατακλίνειν
1297 1638 1415 1707 μήτε
1453 1641 1531 1692 ἐπὶ
1572 1646 1766 1708 στερεοῦ
1797 1663 1927 1704 τινος

237 1721 320 1773 καὶ
358 1719 641 1787 ἀντιτύπου,
680 1719 908 1788 καθάπερ
944 1718 1207 1787 πράττουσι
1237 1724 1426 1793 Θρᾷκες
1455 1742 1504 1774 τε
1527 1723 1610 1774 καὶ
1633 1723 1927 1784 Μακέδονες

239 1800 443 1870 ὅμαλαῖς
506 1806 698 1855 σανίσιν
759 1803 1253 1869 έπικαταδεσμοῦντες
1311 1800 1370 1854 τὰ
1431 1803 1591 1870 βρέφη
1653 1801 1796 1871 χάριν
1842 1810 1927 1857 τοῦ

171 1906 215 1938 20
238 1885 528 1952 περιπλατέα
578 1882 635 1936 τὰ
674 1884 783 1951 περὶ
821 1880 907 1936 τὸν
945 1881 1184 1952 τράχηλον
1222 1884 1305 1935 καὶ
1342 1881 1394 1937 τὸ
1435 1886 1564 1936 ι’νίον
1602 1881 1765 1936 αὐτῶν
1803 1882 1928 1945 ἀπο·

237 1971 540 2033 τελεσθῆναι.
629 1968 885 2034 συμβαίνει
930 1962 1022 2034 γὰρ
1070 1963 1225 2027 οὕτως
1272 1965 1541 2017 ἓλκοῦσθαί
1581 1986 1630 2018 τε
1675 1966 1757 2018 καὶ
1795 1986 1927 2033 περι-

238 2052 461 2098 θλᾶσθαι
514 2043 572 2098 τά
628 2045 823 2114 σώματα
878 2044 962 2098 διὰ
1014 2043 1105 2113 τὴν
1157 2041 1403 2114 ἀπήνειαν
1448 2051 1546 2099 τῶν
1590 2044 1928 2114 ὑποκειμένων

238 2128 322 2180 καὶ
360 2125 554 2196 ἀπρεπῆ
593 2125 681 2196 τὴν
719 2125 941 2195 κεφαλὴν
979 2125 1337 2193 ἀποτελεῖσθαι,
1377 2124 1470 2180 σὺν
1499 2133 1565 2200 τῷ
1599 2127 1682 2179 καὶ
1714 2130 1757 2180 εἰ
1784 2133 1925 2181 τοῦτο

240 2205 477 2277 εὐπρεπές
524 2211 619 2262 ἐστι
668 2207 721 2263 τὸ
770 2214 955 2278 σχῆμα,
1002 2206 1083 2261 διὰ
1122 2214 1208 2276 τῆς
1245 2209 1356 2276 περὶ
1393 2206 1451 2260 τὰ
1490 2206 1668 2277 λουτρὰ
1706 2206 1927 2271 πλάσεως

174 2310 217 2344 25
241 2289 522 2354 ἀκινδύνως
561 2289 678 2344 αὐτὸ
717 2292 800 2343 καὶ
838 2289 1148 2358 ἀσυμπαθῶς
1178 2287 1603 2358 ἀποδοθήσεσθαι.
1659 2288 1775 2357 μήτε
1804 2287 1928 2342 κατὰ

238 2378 483 2441 τρυφεροῦ
523 2394 655 2435 τινος
693 2375 805 2424 λίαν
845 2370 963 2424 ὥστε
1001 2370 1150 2424 πάλιν
1190 2369 1271 2423 διὰ
1309 2369 1398 2438 τὴν
1437 2368 1626 2439 πολλὴν
1665 2369 1929 2423 σύννευσιν

359 2499 388 2538 4
418 2491 702 2552 τελαμώνειν
735 2509 759 2539 c
792 2496 924 2550 (corr.
957 2495 1030 2550 D)
1178 2499 1231 2538 13
1266 2489 1379 2538 οὐδὲ
1411 2509 1504 2550 ’γαρ
1538 2509 1601 2543 ως
1633 2487 1925 2549 ἐπαχθέντος

242 2550 358 2624 έρίω
384 2569 428 2610 μ.
464 2566 500 2599 c,
656 2558 710 2597 14
749 2551 810 2612 μὴ
846 2566 935 2597 om.
970 2567 1007 2599 c.
1161 2558 1217 2597 20
1257 2548 1383 2596 αύτῶ
1417 2565 1441 2596 c
1481 2553 1613 2608 (corr.
1646 2549 1717 2607 E).
1869 2555 1926 2595 25

242 2607 392 2662 αὐτὰς
424 2626 447 2656 c
482 2607 660 2683 (αὐτοῖς
690 2611 759 2668 Ε).
882 2609 996 2669 μήτε
1029 2611 1192 2657 addidi
1208 2613 1330 2682 (om.
1365 2612 1422 2667 c)
1470 2609 1637 2655 deinde
1671 2611 1829 2655 autem
1861 2609 1926 2654 sic

240 2670 399 2774 {5533
429 2685 473 2788 Ξ
492 2667 1101 2800 0⁰Z3⁶0vz⁰⁶53253533332
1119 2667 1260 2800 τὶξὲἶῗέ
1292 2730 1353 2780 ὥς
1382 2665 1927 2798 ιῖυἵέῖἓτὲἔὲαὲἓῖῗεὲζῖῗ

240 2789 379 2846 labis)
414 2786 602 2835 πάλιν..
625 2786 885 2846 ,τ-ράχηλον.
933 2785 1237 2833 κατακλιτὲον
1270 2787 1322 2832 τὸ
1357 2784 1533 2846 βρέφος
1566 2793 1666 2833 οἷον
1690 2785 1810 2832 κατὰ
1836 2789 1921 2832 etc.

242 2848 299 2894 cf.
331 2847 413 2894 lat.
536 2853 592 2894 26
626 2847 846 2902 σύννυξιν
880 2862 902 2893 c
935 2849 1067 2905 (corr.
1102 2848 1171 2904 E).
