<?xml version="1.0" encoding="UTF-8"?>
<!DOCTYPE html PUBLIC "-//W3C//DTD XHTML 1.0 Transitional//EN"
    "http://www.w3.org/TR/xhtml1/DTD/xhtml1-transitional.dtd">
<html xmlns="http://www.w3.org/1999/xhtml" xml:lang="en" lang="en">
 <head>
  <title>
</title>
<meta http-equiv="Content-Type" content="text/html;charset=utf-8" />
  <meta name='ocr-system' content='tesseract 3.04.00' />
  <meta name='ocr-capabilities' content='ocr_page ocr_carea ocr_par ocr_line ocrx_word'/>
</head>
<body>
  <div class='ocr_page' id='page_1' title='image "./gynaeciorumvetus00sorauoft_0154.png"; bbox 0 0 2014 3162; ppageno 0'>
   <div class='ocr_carea' id='block_1_1' title="bbox 874 119 1275 172">
    <p class='ocr_par' dir='ltr' id='par_1_1' title="bbox 874 119 1275 172">
     <span class='ocr_line' id='line_1_1' title="bbox 874 119 1275 172; baseline 0.005 -2"><span class='ocrx_word' id='word_1_1' title='bbox 874 119 1275 172; x_wconf 88' lang='lat'>——130—</span> 
     </span>
    </p>
   </div>
   <div class='ocr_carea' id='block_1_2' title="bbox 193 248 1934 539">
    <p class='ocr_par' dir='ltr' id='par_1_2' title="bbox 193 248 1934 539">
     <span class='ocr_line' id='line_1_2' title="bbox 239 248 1934 308; baseline 0.003 -15"><span class='ocrx_word' id='word_1_2' title='bbox 239 249 391 293; x_wconf 87' lang='lat' dir='ltr'>rinum</span> <span class='ocrx_word' id='word_1_3' title='bbox 438 249 516 294; x_wconf 89' lang='lat' dir='ltr'>vel</span> <span class='ocrx_word' id='word_1_4' title='bbox 558 248 803 306; x_wconf 89' lang='lat' dir='ltr'>caprinum</span> <span class='ocrx_word' id='word_1_5' title='bbox 844 263 950 293; x_wconf 90' lang='lat' dir='ltr'>cum</span> <span class='ocrx_word' id='word_1_6' title='bbox 988 261 1094 292; x_wconf 86' lang='lat' dir='ltr'>rosa</span> <span class='ocrx_word' id='word_1_7' title='bbox 1131 248 1343 292; x_wconf 82' lang='lat' dir='ltr'>mixtum.</span> <span class='ocrx_word' id='word_1_8' title='bbox 1421 249 1575 294; x_wconf 89' lang='lat' dir='ltr'>danda</span> <span class='ocrx_word' id='word_1_9' title='bbox 1614 249 1757 295; x_wconf 87' lang='lat' dir='ltr'>etiam</span> <span class='ocrx_word' id='word_1_10' title='bbox 1796 252 1934 308; x_wconf 85' lang='lat' dir='ltr'>potio·</span> 
     </span>
     <span class='ocr_line' id='line_1_3' title="bbox 240 307 1932 367; baseline 0.002 -15"><span class='ocrx_word' id='word_1_11' title='bbox 240 309 500 353; x_wconf 77' lang='lat' dir='ltr'>castoreum</span> <span class='ocrx_word' id='word_1_12' title='bbox 538 308 614 353; x_wconf 84' lang='lat' dir='ltr'>vel</span> <span class='ocrx_word' id='word_1_13' title='bbox 653 307 763 364; x_wconf 87' lang='lat' dir='ltr'>gitti</span> <span class='ocrx_word' id='word_1_14' title='bbox 801 310 848 353; x_wconf 93' lang='lat' dir='ltr'>et</span> <span class='ocrx_word' id='word_1_15' title='bbox 880 308 1080 351; x_wconf 87' lang='lat' dir='ltr'>anetum.</span> <span class='ocrx_word' id='word_1_16' title='bbox 1145 307 1184 350; x_wconf 92' lang='lat' dir='ltr'>si</span> <span class='ocrx_word' id='word_1_17' title='bbox 1222 321 1332 352; x_wconf 89' lang='lat' dir='ltr'>vero</span> <span class='ocrx_word' id='word_1_18' title='bbox 1371 308 1513 352; x_wconf 89' lang='lat' dir='ltr'>vulva</span> <span class='ocrx_word' id='word_1_19' title='bbox 1543 309 1810 354; x_wconf 85' lang='lat' dir='ltr'>exulcerata</span> <span class='ocrx_word' id='word_1_20' title='bbox 1841 314 1932 367; x_wconf 84' lang='lat' dir='ltr'>est,</span> 
     </span>
     <span class='ocr_line' id='line_1_4' title="bbox 239 346 1927 422; baseline 0.001 -10"><span class='ocrx_word' id='word_1_21' title='bbox 239 369 449 412; x_wconf 86' lang='lat' dir='ltr'>cerotum</span> <span class='ocrx_word' id='word_1_22' title='bbox 482 381 537 412; x_wconf 88' lang='lat' dir='ltr'>ex</span> <span class='ocrx_word' id='word_1_23' title='bbox 567 379 674 411; x_wconf 88' lang='lat' dir='ltr'>rosa</span> <span class='ocrx_word' id='word_1_24' title='bbox 704 367 787 411; x_wconf 89' lang='lat' dir='ltr'>fiat</span> <span class='ocrx_word' id='word_1_25' title='bbox 818 368 867 411; x_wconf 91' lang='lat' dir='ltr'>et</span> <span class='ocrx_word' id='word_1_26' title='bbox 897 364 1036 410; x_wconf 86' lang='lat' dir='ltr'>suilla</span> <span class='ocrx_word' id='word_1_27' title='bbox 1065 367 1253 410; x_wconf 87' lang='lat' dir='ltr'>recente</span> <span class='ocrx_word' id='word_1_28' title='bbox 1284 365 1497 422; x_wconf 83' lang='lat' dir='ltr'>axungia,</span> <span class='ocrx_word' id='word_1_29' title='bbox 1532 369 1579 411; x_wconf 93' lang='lat' dir='ltr'>et</span> <span class='ocrx_word' id='word_1_30' title='bbox 1607 368 1683 412; x_wconf 86' lang='lat' dir='ltr'>ovi</span> <span class='ocrx_word' id='word_1_31' title='bbox 1706 346 1927 415; x_wconf 85' lang='lat' dir='ltr'>albumen</span> 
     </span>
     <span class='ocr_line' id='line_1_5' title="bbox 238 424 1934 483; baseline 0.002 -13"><span class='ocrx_word' id='word_1_32' title='bbox 238 426 488 470; x_wconf 75' lang='lat' dir='ltr'><strong>misceatur</strong></span> <span class='ocrx_word' id='word_1_33' title='bbox 520 428 568 472; x_wconf 92' lang='lat' dir='ltr'>et</span> <span class='ocrx_word' id='word_1_34' title='bbox 600 425 666 469; x_wconf 87' lang='lat' dir='ltr'>sic</span> <span class='ocrx_word' id='word_1_35' title='bbox 698 426 789 483; x_wconf 85' lang='lat' dir='ltr'>adp</span> <span class='ocrx_word' id='word_1_36' title='bbox 794 427 981 479; x_wconf 88' lang='lat' dir='ltr'>onatur,</span> <span class='ocrx_word' id='word_1_37' title='bbox 1028 424 1105 469; x_wconf 88' lang='lat' dir='ltr'>vel</span> <span class='ocrx_word' id='word_1_38' title='bbox 1136 425 1356 469; x_wconf 82' lang='lat' dir='ltr'><strong>albumen</strong></span> <span class='ocrx_word' id='word_1_39' title='bbox 1400 425 1457 469; x_wconf 91' lang='lat' dir='ltr'>de</span> <span class='ocrx_word' id='word_1_40' title='bbox 1490 439 1576 470; x_wconf 84' lang='lat' dir='ltr'>ovo</span> <span class='ocrx_word' id='word_1_41' title='bbox 1610 441 1715 471; x_wconf 91' lang='lat' dir='ltr'>cum</span> <span class='ocrx_word' id='word_1_42' title='bbox 1745 428 1934 473; x_wconf 85' lang='lat' dir='ltr'>rosacio</span> 
     </span>
     <span class='ocr_line' id='line_1_6' title="bbox 193 482 1925 539; baseline 0.001 -10"><span class='ocrx_word' id='word_1_43' title='bbox 193 490 214 522; x_wconf 89' lang='grc'>5</span> <span class='ocrx_word' id='word_1_44' title='bbox 239 485 434 529; x_wconf 84' lang='lat' dir='ltr'>mixtum</span> <span class='ocrx_word' id='word_1_45' title='bbox 474 485 655 530; x_wconf 82' lang='lat' dir='ltr'>adiecto</span> <span class='ocrx_word' id='word_1_46' title='bbox 696 486 743 529; x_wconf 88' lang='lat' dir='ltr'>et</span> <span class='ocrx_word' id='word_1_47' title='bbox 778 498 912 529; x_wconf 85' lang='lat' dir='ltr'>rosae</span> <span class='ocrx_word' id='word_1_48' title='bbox 956 482 1069 526; x_wconf 86' lang='lat' dir='ltr'>trito</span> <span class='ocrx_word' id='word_1_49' title='bbox 1099 483 1307 539; x_wconf 85' lang='lat' dir='ltr'>pulvere.</span> <span class='ocrx_word' id='word_1_50' title='bbox 1369 486 1450 528; x_wconf 91' lang='lat' dir='ltr'>aut</span> <span class='ocrx_word' id='word_1_51' title='bbox 1482 483 1795 531; x_wconf 88' lang='lat' dir='ltr'>suffimentum</span> <span class='ocrx_word' id='word_1_52' title='bbox 1827 501 1925 532; x_wconf 85' lang='lat' dir='ltr'>ma-</span> 
     </span>
    </p>
   </div>
   <div class='ocr_carea' id='block_1_3' title="bbox 169 542 2014 1251">
    <p class='ocr_par' dir='ltr' id='par_1_3' title="bbox 169 542 2014 1251">
     <span class='ocr_line' id='line_1_7' title="bbox 236 542 1930 602; baseline 0.001 -15"><span class='ocrx_word' id='word_1_53' title='bbox 236 544 344 589; x_wconf 91' lang='lat' dir='ltr'>trici</span> <span class='ocrx_word' id='word_1_54' title='bbox 379 543 480 588; x_wconf 88' lang='lat' dir='ltr'>fieri</span> <span class='ocrx_word' id='word_1_55' title='bbox 519 558 575 588; x_wconf 86' lang='lat' dir='ltr'>ex</span> <span class='ocrx_word' id='word_1_56' title='bbox 605 542 825 599; x_wconf 83' lang='lat' dir='ltr'>sulphure</span> <span class='ocrx_word' id='word_1_57' title='bbox 865 542 1023 596; x_wconf 91' lang='lat' dir='ltr'>debet,</span> <span class='ocrx_word' id='word_1_58' title='bbox 1070 542 1201 586; x_wconf 91' lang='lat' dir='ltr'>tollit</span> <span class='ocrx_word' id='word_1_59' title='bbox 1232 542 1453 587; x_wconf 85' lang='lat' dir='ltr'>dolorem.</span> <span class='ocrx_word' id='word_1_60' title='bbox 1523 544 1607 587; x_wconf 91' lang='lat' dir='ltr'>aut</span> <span class='ocrx_word' id='word_1_61' title='bbox 1636 544 1675 588; x_wconf 90' lang='lat' dir='ltr'>si</span> <span class='ocrx_word' id='word_1_62' title='bbox 1705 546 1930 602; x_wconf 86' lang='lat' dir='ltr'>purgatio</span> 
     </span>
     <span class='ocr_line' id='line_1_8' title="bbox 236 600 1926 668; baseline 0.001 -21"><span class='ocrx_word' id='word_1_63' title='bbox 236 602 423 647; x_wconf 85' lang='lat' dir='ltr'>mulieri</span> <span class='ocrx_word' id='word_1_64' title='bbox 436 605 589 658; x_wconf 90' lang='lat' dir='ltr'>nocet,</span> <span class='ocrx_word' id='word_1_65' title='bbox 614 603 883 646; x_wconf 72' lang='lat' dir='ltr'>cucurbitae</span> <span class='ocrx_word' id='word_1_66' title='bbox 909 603 1015 645; x_wconf 91' lang='lat' dir='ltr'>cute</span> <span class='ocrx_word' id='word_1_67' title='bbox 1038 600 1187 645; x_wconf 86' lang='lat' dir='ltr'>incisa</span> <span class='ocrx_word' id='word_1_68' title='bbox 1209 600 1479 668; x_wconf 83' lang='lat' dir='ltr'>inguinibus</span> <span class='ocrx_word' id='word_1_69' title='bbox 1503 602 1581 646; x_wconf 84' lang='lat' dir='ltr'>vel</span> <span class='ocrx_word' id='word_1_70' title='bbox 1607 603 1691 647; x_wconf 86' lang='lat' dir='ltr'>sub</span> <span class='ocrx_word' id='word_1_71' title='bbox 1707 603 1926 649; x_wconf 83' lang='lat' dir='ltr'>mammis</span> 
     </span>
     <span class='ocr_line' id='line_1_9' title="bbox 236 659 1930 728; baseline 0.001 -22"><span class='ocrx_word' id='word_1_72' title='bbox 236 661 477 718; x_wconf 73' lang='lat' dir='ltr'>adpositae</span> <span class='ocrx_word' id='word_1_73' title='bbox 523 662 695 706; x_wconf 89' lang='lat' dir='ltr'>iuvant.</span> <span class='ocrx_word' id='word_1_74' title='bbox 767 661 806 704; x_wconf 85' lang='lat' dir='ltr'>si</span> <span class='ocrx_word' id='word_1_75' title='bbox 845 674 954 704; x_wconf 85' lang='lat' dir='ltr'>vero</span> <span class='ocrx_word' id='word_1_76' title='bbox 1000 660 1211 717; x_wconf 88' lang='lat' dir='ltr'>maligna</span> <span class='ocrx_word' id='word_1_77' title='bbox 1253 659 1471 728; x_wconf 73' lang='lat' dir='ltr'>purgatio</span> <span class='ocrx_word' id='word_1_78' title='bbox 1513 662 1603 714; x_wconf 85' lang='lat' dir='ltr'>est,</span> <span class='ocrx_word' id='word_1_79' title='bbox 1653 662 1930 708; x_wconf 89' lang='lat' dir='ltr'>subicienda</span> 
     </span>
     <span class='ocr_line' id='line_1_10' title="bbox 237 719 1920 788; baseline 0.001 -24"><span class='ocrx_word' id='word_1_80' title='bbox 237 723 346 764; x_wconf 88' lang='lat' dir='ltr'>sunt</span> <span class='ocrx_word' id='word_1_81' title='bbox 382 719 723 765; x_wconf 85' lang='lat' dir='ltr'>medicamenta</span> <span class='ocrx_word' id='word_1_82' title='bbox 762 733 880 775; x_wconf 90' lang='lat' dir='ltr'>quae</span> <span class='ocrx_word' id='word_1_83' title='bbox 920 720 1115 763; x_wconf 87' lang='lat' dir='ltr'>evocent</span> <span class='ocrx_word' id='word_1_84' title='bbox 1153 719 1451 776; x_wconf 86' lang='lat' dir='ltr'>sanguinem,</span> <span class='ocrx_word' id='word_1_85' title='bbox 1499 721 1680 764; x_wconf 88' lang='lat' dir='ltr'>costum</span> <span class='ocrx_word' id='word_1_86' title='bbox 1710 721 1920 788; x_wconf 81' lang='lat' dir='ltr'>puleium</span> 
     </span>
     <span class='ocr_line' id='line_1_11' title="bbox 170 777 1928 846; baseline 0.001 -23"><span class='ocrx_word' id='word_1_87' title='bbox 170 784 211 816; x_wconf 85' lang='lat'>10</span> <span class='ocrx_word' id='word_1_88' title='bbox 235 778 387 823; x_wconf 82' lang='lat' dir='ltr'>violae</span> <span class='ocrx_word' id='word_1_89' title='bbox 434 779 569 823; x_wconf 88' lang='lat' dir='ltr'>albae</span> <span class='ocrx_word' id='word_1_90' title='bbox 617 778 774 836; x_wconf 91' lang='lat' dir='ltr'>apium</span> <span class='ocrx_word' id='word_1_91' title='bbox 818 779 991 835; x_wconf 86' lang='lat' dir='ltr'>nepeta</span> <span class='ocrx_word' id='word_1_92' title='bbox 1037 780 1085 823; x_wconf 90' lang='lat' dir='ltr'>et</span> <span class='ocrx_word' id='word_1_93' title='bbox 1131 777 1334 823; x_wconf 82' lang='lat' dir='ltr'>satureia</span> <span class='ocrx_word' id='word_1_94' title='bbox 1371 779 1419 823; x_wconf 89' lang='lat' dir='ltr'>et</span> <span class='ocrx_word' id='word_1_95' title='bbox 1455 792 1665 846; x_wconf 71' lang='lat' dir='ltr'>ysopum.</span> <span class='ocrx_word' id='word_1_96' title='bbox 1728 780 1776 824; x_wconf 88' lang='lat' dir='ltr'>in</span> <span class='ocrx_word' id='word_1_97' title='bbox 1817 779 1928 826; x_wconf 89' lang='lat' dir='ltr'>cibo</span> 
     </span>
     <span class='ocr_line' id='line_1_12' title="bbox 236 837 2014 906; baseline 0.001 -24"><span class='ocrx_word' id='word_1_98' title='bbox 236 852 419 894; x_wconf 86' lang='lat' dir='ltr'>quoque</span> <span class='ocrx_word' id='word_1_99' title='bbox 450 837 653 895; x_wconf 89' lang='lat' dir='ltr'>accipiat</span> <span class='ocrx_word' id='word_1_100' title='bbox 676 851 794 894; x_wconf 87' lang='lat' dir='ltr'>quae</span> <span class='ocrx_word' id='word_1_101' title='bbox 819 840 931 894; x_wconf 88' lang='lat' dir='ltr'>apta</span> <span class='ocrx_word' id='word_1_102' title='bbox 952 838 1072 892; x_wconf 86' lang='lat' dir='ltr'>sunt,</span> <span class='ocrx_word' id='word_1_103' title='bbox 1093 850 1290 906; x_wconf 33' lang='lat' dir='ltr'>‘porrum</span> <span class='ocrx_word' id='word_1_104' title='bbox 1315 838 1467 882; x_wconf 88' lang='lat' dir='ltr'>rutam</span> <span class='ocrx_word' id='word_1_105' title='bbox 1494 838 1727 895; x_wconf 87' lang='lat' dir='ltr'>cyminum</span> <span class='ocrx_word' id='word_1_106' title='bbox 1753 852 1923 896; x_wconf 87' lang='lat' dir='ltr'>caepas</span> <span class='ocrx_word' id='word_1_107' title='bbox 2013 846 2014 854; x_wconf 60' lang='lat'>¹</span> 
     </span>
     <span class='ocr_line' id='line_1_13' title="bbox 235 895 1918 964; baseline 0.001 -23"><span class='ocrx_word' id='word_1_108' title='bbox 235 897 392 952; x_wconf 87' lang='lat' dir='ltr'>sinape</span> <span class='ocrx_word' id='word_1_109' title='bbox 425 897 501 942; x_wconf 88' lang='lat' dir='ltr'>vel</span> <span class='ocrx_word' id='word_1_110' title='bbox 532 910 667 941; x_wconf 90' lang='lat' dir='ltr'>omne</span> <span class='ocrx_word' id='word_1_111' title='bbox 699 911 858 942; x_wconf 89' lang='lat' dir='ltr'>acrum</span> <span class='ocrx_word' id='word_1_112' title='bbox 890 895 1003 941; x_wconf 86' lang='lat' dir='ltr'>olus.</span> <span class='ocrx_word' id='word_1_113' title='bbox 1066 896 1107 940; x_wconf 86' lang='lat' dir='ltr'>si</span> <span class='ocrx_word' id='word_1_114' title='bbox 1135 910 1247 942; x_wconf 87' lang='lat' dir='ltr'>vero</span> <span class='ocrx_word' id='word_1_115' title='bbox 1280 896 1478 964; x_wconf 43' lang='lat' dir='ltr'>sanguis·</span> <span class='ocrx_word' id='word_1_116' title='bbox 1500 896 1595 964; x_wconf 44' lang='lat' dir='ltr'>qui·</span> <span class='ocrx_word' id='word_1_117' title='bbox 1613 911 1669 941; x_wconf 83' lang='lat' dir='ltr'>ex</span> <span class='ocrx_word' id='word_1_118' title='bbox 1698 897 1918 943; x_wconf 85' lang='lat' dir='ltr'>inferiore</span> 
     </span>
     <span class='ocr_line' id='line_1_14' title="bbox 234 955 1924 1014; baseline 0.001 -15"><span class='ocrx_word' id='word_1_119' title='bbox 234 959 368 1012; x_wconf 88' lang='lat' dir='ltr'>parte</span> <span class='ocrx_word' id='word_1_120' title='bbox 408 970 648 1012; x_wconf 88' lang='lat' dir='ltr'>erumpere</span> <span class='ocrx_word' id='word_1_121' title='bbox 686 955 825 1012; x_wconf 84' lang='lat' dir='ltr'>solet,</span> <span class='ocrx_word' id='word_1_122' title='bbox 873 968 929 999; x_wconf 84' lang='lat' dir='ltr'>ex</span> <span class='ocrx_word' id='word_1_123' title='bbox 969 955 1160 1000; x_wconf 84' lang='lat' dir='ltr'>naribus</span> <span class='ocrx_word' id='word_1_124' title='bbox 1194 955 1418 1013; x_wconf 87' lang='lat' dir='ltr'>eruperit,</span> <span class='ocrx_word' id='word_1_125' title='bbox 1464 955 1623 1000; x_wconf 86' lang='lat' dir='ltr'>incisis</span> <span class='ocrx_word' id='word_1_126' title='bbox 1653 956 1924 1014; x_wconf 85' lang='lat' dir='ltr'>inguinibus</span> 
     </span>
     <span class='ocr_line' id='line_1_15' title="bbox 234 1011 1923 1071; baseline 0 -12"><span class='ocrx_word' id='word_1_127' title='bbox 234 1013 510 1071; x_wconf 85' lang='lat' dir='ltr'>adponenda</span> <span class='ocrx_word' id='word_1_128' title='bbox 553 1018 624 1059; x_wconf 90' lang='lat' dir='ltr'>est</span> <span class='ocrx_word' id='word_1_129' title='bbox 661 1013 923 1069; x_wconf 84' lang='lat' dir='ltr'>cucurbita,</span> <span class='ocrx_word' id='word_1_130' title='bbox 970 1013 1111 1070; x_wconf 87' lang='lat' dir='ltr'>idque</span> <span class='ocrx_word' id='word_1_131' title='bbox 1142 1028 1226 1071; x_wconf 90' lang='lat' dir='ltr'>per</span> <span class='ocrx_word' id='word_1_132' title='bbox 1255 1015 1351 1059; x_wconf 86' lang='lat' dir='ltr'>tres</span> <span class='ocrx_word' id='word_1_133' title='bbox 1383 1013 1459 1060; x_wconf 81' lang='lat' dir='ltr'>vel</span> <span class='ocrx_word' id='word_1_134' title='bbox 1490 1011 1711 1071; x_wconf 90' lang='lat' dir='ltr'>quattuor</span> <span class='ocrx_word' id='word_1_135' title='bbox 1739 1028 1923 1060; x_wconf 81' lang='lat' dir='ltr'>menses</span> 
     </span>
     <span class='ocr_line' id='line_1_16' title="bbox 169 1073 1920 1142; baseline 0.001 -25"><span class='ocrx_word' id='word_1_136' title='bbox 169 1077 211 1109; x_wconf 87' lang='lat'>15</span> <span class='ocrx_word' id='word_1_137' title='bbox 234 1074 287 1117; x_wconf 90' lang='lat' dir='ltr'>ut</span> <span class='ocrx_word' id='word_1_138' title='bbox 324 1073 559 1142; x_wconf 71' lang='lat' dir='ltr'>tricesirno</span> <span class='ocrx_word' id='word_1_139' title='bbox 599 1087 784 1131; x_wconf 89' lang='lat' dir='ltr'>quoque</span> <span class='ocrx_word' id='word_1_140' title='bbox 825 1073 899 1118; x_wconf 91' lang='lat' dir='ltr'>die</span> <span class='ocrx_word' id='word_1_141' title='bbox 937 1073 1190 1131; x_wconf 90' lang='lat' dir='ltr'>repetierit.</span> <span class='ocrx_word' id='word_1_142' title='bbox 1252 1075 1364 1118; x_wconf 90' lang='lat' dir='ltr'>tunc</span> <span class='ocrx_word' id='word_1_143' title='bbox 1403 1073 1522 1118; x_wconf 86' lang='lat' dir='ltr'>scias</span> <span class='ocrx_word' id='word_1_144' title='bbox 1552 1075 1600 1118; x_wconf 88' lang='lat' dir='ltr'>te</span> <span class='ocrx_word' id='word_1_145' title='bbox 1630 1074 1722 1119; x_wconf 90' lang='lat' dir='ltr'>hoc</span> <span class='ocrx_word' id='word_1_146' title='bbox 1752 1074 1920 1119; x_wconf 87' lang='lat' dir='ltr'>vitium</span> 
     </span>
     <span class='ocr_line' id='line_1_17' title="bbox 234 1131 1921 1190; baseline 0.002 -15"><span class='ocrx_word' id='word_1_147' title='bbox 234 1145 435 1178; x_wconf 84' lang='lat' dir='ltr'>sanasse.</span> <span class='ocrx_word' id='word_1_148' title='bbox 499 1133 538 1177; x_wconf 86' lang='lat' dir='ltr'>si</span> <span class='ocrx_word' id='word_1_149' title='bbox 581 1148 685 1179; x_wconf 86' lang='lat' dir='ltr'>vero</span> <span class='ocrx_word' id='word_1_150' title='bbox 727 1146 820 1177; x_wconf 91' lang='lat' dir='ltr'>non</span> <span class='ocrx_word' id='word_1_151' title='bbox 863 1146 911 1176; x_wconf 85' lang='lat' dir='ltr'>se</span> <span class='ocrx_word' id='word_1_152' title='bbox 943 1132 1130 1190; x_wconf 87' lang='lat' dir='ltr'>sanguis</span> <span class='ocrx_word' id='word_1_153' title='bbox 1159 1132 1439 1188; x_wconf 85' lang='lat' dir='ltr'>ostenderit,</span> <span class='ocrx_word' id='word_1_154' title='bbox 1487 1131 1605 1178; x_wconf 81' lang='lat' dir='ltr'>scias</span> <span class='ocrx_word' id='word_1_155' title='bbox 1637 1133 1681 1178; x_wconf 88' lang='lat' dir='ltr'>ei</span> <span class='ocrx_word' id='word_1_156' title='bbox 1712 1133 1921 1179; x_wconf 87' lang='lat' dir='ltr'>dolorem</span> 
     </span>
     <span class='ocr_line' id='line_1_18' title="bbox 234 1191 1922 1251; baseline 0.002 -16"><span class='ocrx_word' id='word_1_157' title='bbox 234 1191 401 1247; x_wconf 89' lang='lat' dir='ltr'>capitis</span> <span class='ocrx_word' id='word_1_158' title='bbox 441 1205 641 1251; x_wconf 84' lang='lat' dir='ltr'>surgere.</span> <span class='ocrx_word' id='word_1_159' title='bbox 703 1195 812 1237; x_wconf 89' lang='lat' dir='ltr'>tunc</span> <span class='ocrx_word' id='word_1_160' title='bbox 838 1204 895 1236; x_wconf 84' lang='lat' dir='ltr'>ex</span> <span class='ocrx_word' id='word_1_161' title='bbox 923 1191 1115 1237; x_wconf 87' lang='lat' dir='ltr'>brachio</span> <span class='ocrx_word' id='word_1_162' title='bbox 1148 1191 1190 1236; x_wconf 87' lang='lat' dir='ltr'>ei</span> <span class='ocrx_word' id='word_1_163' title='bbox 1223 1192 1411 1248; x_wconf 86' lang='lat' dir='ltr'>sanguis</span> <span class='ocrx_word' id='word_1_164' title='bbox 1443 1191 1723 1236; x_wconf 79' lang='lat' dir='ltr'>emittendus</span> <span class='ocrx_word' id='word_1_165' title='bbox 1756 1193 1841 1249; x_wconf 88' lang='lat' dir='ltr'>est,</span> <span class='ocrx_word' id='word_1_166' title='bbox 1873 1195 1922 1239; x_wconf 84' lang='lat' dir='ltr'>et</span> 
     </span>
    </p>
   </div>
   <div class='ocr_carea' id='block_1_4' title="bbox 233 1248 749 1297">
    <p class='ocr_par' dir='ltr' id='par_1_4' title="bbox 233 1248 749 1297">
     <span class='ocr_line' id='line_1_19' title="bbox 233 1248 749 1297; baseline 0.006 -3"><span class='ocrx_word' id='word_1_167' title='bbox 233 1248 394 1294; x_wconf 88' lang='lat' dir='ltr'>statim</span> <span class='ocrx_word' id='word_1_168' title='bbox 428 1252 601 1297; x_wconf 88' lang='lat' dir='ltr'>curasti</span> <span class='ocrx_word' id='word_1_169' title='bbox 632 1265 749 1297; x_wconf 86' lang='lat' dir='ltr'>eam.</span> 
     </span>
    </p>
   </div>
   <div class='ocr_carea' id='block_1_5' title="bbox 231 1382 1918 1560">
    <p class='ocr_par' dir='ltr' id='par_1_5' title="bbox 231 1382 1918 1560">
     <span class='ocr_line' id='line_1_20' title="bbox 351 1382 1918 1442; baseline 0 -14"><span class='ocrx_word' id='word_1_170' title='bbox 351 1390 373 1428; x_wconf 97' lang='lat'>1</span> <span class='ocrx_word' id='word_1_171' title='bbox 409 1384 585 1429; x_wconf 81' lang='lat' dir='ltr'>dandas</span> <span class='ocrx_word' id='word_1_172' title='bbox 619 1386 646 1430; x_wconf 93' lang='grc' dir='ltr'>Ζ.</span> <span class='ocrx_word' id='word_1_173' title='bbox 769 1384 938 1442; x_wconf 84' lang='lat' dir='ltr'>2gitti</span> <span class='ocrx_word' id='word_1_174' title='bbox 971 1385 1010 1441; x_wconf 87' lang='lat' dir='ltr'>b,</span> <span class='ocrx_word' id='word_1_175' title='bbox 1042 1383 1166 1441; x_wconf 85' lang='lat' dir='ltr'>gytti</span> <span class='ocrx_word' id='word_1_176' title='bbox 1198 1384 1214 1428; x_wconf 85' lang='grc' dir='ltr'><strong>Ζ</strong></span> <span class='ocrx_word' id='word_1_177' title='bbox 1245 1382 1334 1440; x_wconf 87' lang='lat' dir='ltr'>(git</span> <span class='ocrx_word' id='word_1_178' title='bbox 1367 1383 1528 1440; x_wconf 50' lang='lat' dir='ltr'>Plan).</span> <span class='ocrx_word' id='word_1_179' title='bbox 1650 1388 1676 1428; x_wconf 90' lang='lat'><strong>3</strong></span> <span class='ocrx_word' id='word_1_180' title='bbox 1710 1384 1918 1428; x_wconf 89' lang='lat' dir='ltr'>cerotum</span> 
     </span>
     <span class='ocr_line' id='line_1_21' title="bbox 231 1442 1917 1490; baseline -0.001 -3"><span class='ocrx_word' id='word_1_181' title='bbox 231 1445 279 1488; x_wconf 91' lang='lat' dir='ltr'>b:</span> <span class='ocrx_word' id='word_1_182' title='bbox 310 1444 424 1488; x_wconf 87' lang='lat' dir='ltr'>tunc</span> <span class='ocrx_word' id='word_1_183' title='bbox 456 1444 485 1490; x_wconf 88' lang='grc' dir='ltr'>Ζ.</span> <span class='ocrx_word' id='word_1_184' title='bbox 635 1445 718 1489; x_wconf 86' lang='lat' dir='ltr'>fiet</span> <span class='ocrx_word' id='word_1_185' title='bbox 748 1445 787 1490; x_wconf 88' lang='lat' dir='ltr'>b.</span> <span class='ocrx_word' id='word_1_186' title='bbox 940 1444 988 1488; x_wconf 83' lang='lat' dir='ltr'>et</span> <span class='ocrx_word' id='word_1_187' title='bbox 1019 1442 1157 1488; x_wconf 88' lang='lat' dir='ltr'>suilla</span> <span class='ocrx_word' id='word_1_188' title='bbox 1188 1444 1205 1487; x_wconf 91' lang='grc' dir='ltr'><strong>Ζ</strong></span> <span class='ocrx_word' id='word_1_189' title='bbox 1214 1460 1224 1486; x_wconf 78' lang='grc' dir='ltr'><strong>ε</strong></span> <span class='ocrx_word' id='word_1_190' title='bbox 1258 1444 1306 1488; x_wconf 88' lang='lat' dir='ltr'>et</span> <span class='ocrx_word' id='word_1_191' title='bbox 1337 1443 1511 1487; x_wconf 87' lang='lat' dir='ltr'>exuilla</span> <span class='ocrx_word' id='word_1_192' title='bbox 1542 1443 1582 1487; x_wconf 89' lang='lat' dir='ltr'>b.</span> <span class='ocrx_word' id='word_1_193' title='bbox 1713 1446 1740 1486; x_wconf 84' lang='lat'>5</span> <span class='ocrx_word' id='word_1_194' title='bbox 1772 1442 1917 1487; x_wconf 86' lang='lat' dir='ltr'>mixto</span> 
     </span>
     <span class='ocr_line' id='line_1_22' title="bbox 231 1499 1916 1560; baseline -0.001 -13"><span class='ocrx_word' id='word_1_195' title='bbox 231 1504 295 1547; x_wconf 81' lang='lat' dir='ltr'>bl.</span> <span class='ocrx_word' id='word_1_196' title='bbox 435 1509 461 1548; x_wconf 87' lang='grc'><strong>6</strong></span> <span class='ocrx_word' id='word_1_197' title='bbox 494 1503 712 1560; x_wconf 88' lang='lat' dir='ltr'>sulphore</span> <span class='ocrx_word' id='word_1_198' title='bbox 746 1504 786 1558; x_wconf 82' lang='lat' dir='ltr'>b,</span> <span class='ocrx_word' id='word_1_199' title='bbox 819 1502 988 1548; x_wconf 85' lang='lat' dir='ltr'>sulfore</span> <span class='ocrx_word' id='word_1_200' title='bbox 1021 1504 1048 1548; x_wconf 96' lang='grc' dir='ltr'>Ζ.</span> <span class='ocrx_word' id='word_1_201' title='bbox 1189 1507 1213 1546; x_wconf 82' lang='lat'><strong>7</strong></span> <span class='ocrx_word' id='word_1_202' title='bbox 1245 1501 1514 1559; x_wconf 86' lang='lat' dir='ltr'>inguinibus</span> <span class='ocrx_word' id='word_1_203' title='bbox 1547 1503 1564 1545; x_wconf 94' lang='grc' dir='ltr'><strong>Ζ</strong></span> <span class='ocrx_word' id='word_1_204' title='bbox 1573 1520 1584 1546; x_wconf 73' lang='lat' dir='ltr'><em>e</em></span> <span class='ocrx_word' id='word_1_205' title='bbox 1614 1499 1843 1546; x_wconf 87' lang='lat' dir='ltr'>inuiribus</span> <span class='ocrx_word' id='word_1_206' title='bbox 1874 1503 1916 1546; x_wconf 87' lang='lat' dir='ltr'>b.</span> 
     </span>
    </p>
   </div>
   <div class='ocr_carea' id='block_1_6' title="bbox 231 1561 1964 1738">
    <p class='ocr_par' dir='ltr' id='par_1_6' title="bbox 231 1561 1964 1737">
     <span class='ocr_line' id='line_1_23' title="bbox 290 1561 1826 1620; baseline 0 -14"><span class='ocrx_word' id='word_1_207' title='bbox 290 1566 316 1606; x_wconf 90' lang='lat'>8</span> <span class='ocrx_word' id='word_1_208' title='bbox 349 1562 480 1618; x_wconf 87' lang='lat' dir='ltr'>iuv(b</span> <span class='ocrx_word' id='word_1_209' title='bbox 505 1563 603 1620; x_wconf 87' lang='lat' dir='ltr'>b)at</span> <span class='ocrx_word' id='word_1_210' title='bbox 634 1563 697 1608; x_wconf 84' lang='lat' dir='ltr'>bl.</span> <span class='ocrx_word' id='word_1_211' title='bbox 826 1561 1036 1618; x_wconf 87' lang='lat' dir='ltr'>maligna</span> <span class='ocrx_word' id='word_1_212' title='bbox 1067 1562 1102 1605; x_wconf 84' lang='lat' dir='ltr'>l:</span> <span class='ocrx_word' id='word_1_213' title='bbox 1135 1574 1218 1606; x_wconf 85' lang='lat' dir='ltr'>om.</span> <span class='ocrx_word' id='word_1_214' title='bbox 1253 1562 1292 1607; x_wconf 87' lang='lat' dir='ltr'>b.</span> <span class='ocrx_word' id='word_1_215' title='bbox 1415 1566 1441 1606; x_wconf 85' lang='lat'>9</span> <span class='ocrx_word' id='word_1_216' title='bbox 1475 1563 1584 1605; x_wconf 85' lang='lat' dir='ltr'>sunt</span> <span class='ocrx_word' id='word_1_217' title='bbox 1613 1562 1662 1606; x_wconf 85' lang='lat' dir='ltr'>b:</span> <span class='ocrx_word' id='word_1_218' title='bbox 1696 1562 1770 1605; x_wconf 82' lang='lat' dir='ltr'>est</span> <span class='ocrx_word' id='word_1_219' title='bbox 1798 1562 1826 1606; x_wconf 98' lang='grc' dir='ltr'>Ζ.</span> 
     </span>
     <span class='ocr_line' id='line_1_24' title="bbox 231 1618 1964 1678; baseline 0 -14"><span class='ocrx_word' id='word_1_220' title='bbox 231 1621 361 1666; x_wconf 88' lang='lat' dir='ltr'>costo</span> <span class='ocrx_word' id='word_1_221' title='bbox 397 1622 462 1666; x_wconf 85' lang='lat' dir='ltr'>bl.</span> <span class='ocrx_word' id='word_1_222' title='bbox 567 1620 724 1678; x_wconf 88' lang='lat' dir='ltr'>puleio</span> <span class='ocrx_word' id='word_1_223' title='bbox 757 1621 782 1665; x_wconf 89' lang='lat' dir='ltr'>b</span> <span class='ocrx_word' id='word_1_224' title='bbox 817 1621 885 1677; x_wconf 92' lang='lat' dir='ltr'>(-u</span> <span class='ocrx_word' id='word_1_225' title='bbox 916 1621 963 1677; x_wconf 87' lang='grc' dir='ltr'>Ζ).</span> <span class='ocrx_word' id='word_1_226' title='bbox 1089 1624 1144 1664; x_wconf 89' lang='grc'>10</span> <span class='ocrx_word' id='word_1_227' title='bbox 1177 1621 1286 1665; x_wconf 88' lang='lat' dir='ltr'>albo</span> <span class='ocrx_word' id='word_1_228' title='bbox 1319 1621 1359 1665; x_wconf 84' lang='lat' dir='ltr'>b.</span> <span class='ocrx_word' id='word_1_229' title='bbox 1468 1620 1602 1677; x_wconf 85' lang='lat' dir='ltr'>apius</span> <span class='ocrx_word' id='word_1_230' title='bbox 1633 1621 1682 1665; x_wconf 81' lang='lat' dir='ltr'>b:</span> <span class='ocrx_word' id='word_1_231' title='bbox 1714 1618 1918 1677; x_wconf 85' lang='lat' dir='ltr'>amplius</span> <span class='ocrx_word' id='word_1_232' title='bbox 1960 1623 1964 1626; x_wconf 83' lang='grc'><strong>’</strong></span> 
     </span>
     <span class='ocr_line' id='line_1_25' title="bbox 231 1678 1916 1738; baseline -0.001 -14"><span class='ocrx_word' id='word_1_233' title='bbox 231 1681 258 1724; x_wconf 93' lang='grc' dir='ltr'>Ζ.</span> <span class='ocrx_word' id='word_1_234' title='bbox 389 1681 534 1736; x_wconf 87' lang='lat' dir='ltr'>nepta</span> <span class='ocrx_word' id='word_1_235' title='bbox 565 1683 613 1724; x_wconf 87' lang='lat' dir='ltr'>et</span> <span class='ocrx_word' id='word_1_236' title='bbox 643 1681 690 1738; x_wconf 90' lang='lat' dir='ltr'>b,</span> <span class='ocrx_word' id='word_1_237' title='bbox 722 1680 884 1737; x_wconf 87' lang='lat' dir='ltr'>nepita</span> <span class='ocrx_word' id='word_1_238' title='bbox 916 1681 963 1723; x_wconf 90' lang='lat' dir='ltr'>et</span> <span class='ocrx_word' id='word_1_239' title='bbox 994 1679 1021 1723; x_wconf 91' lang='grc' dir='ltr'>Ζ.</span> <span class='ocrx_word' id='word_1_240' title='bbox 1145 1680 1193 1723; x_wconf 87' lang='lat' dir='ltr'>et</span> <span class='ocrx_word' id='word_1_241' title='bbox 1225 1679 1348 1735; x_wconf 78' lang='lat' dir='ltr'>(ante</span> <span class='ocrx_word' id='word_1_242' title='bbox 1377 1681 1465 1736; x_wconf 81' lang='lat' dir='ltr'>ys.)</span> <span class='ocrx_word' id='word_1_243' title='bbox 1498 1680 1535 1723; x_wconf 84' lang='lat' dir='ltr'>Z:</span> <span class='ocrx_word' id='word_1_244' title='bbox 1568 1693 1651 1724; x_wconf 86' lang='lat' dir='ltr'>om.</span> <span class='ocrx_word' id='word_1_245' title='bbox 1685 1680 1726 1724; x_wconf 87' lang='lat' dir='ltr'>b.</span> <span class='ocrx_word' id='word_1_246' title='bbox 1846 1678 1916 1723; x_wconf 87' lang='lat' dir='ltr'>in·</span> 
     </span>
    </p>
   </div>
   <div class='ocr_carea' id='block_1_7' title="bbox 229 1738 1965 1972">
    <p class='ocr_par' dir='ltr' id='par_1_7' title="bbox 232 1738 1965 1796">
     <span class='ocr_line' id='line_1_26' title="bbox 232 1738 1965 1796; baseline 0.001 -14"><span class='ocrx_word' id='word_1_247' title='bbox 232 1739 336 1783; x_wconf 78' lang='lat' dir='ltr'>cibfi</span> <span class='ocrx_word' id='word_1_248' title='bbox 370 1741 406 1783; x_wconf 89' lang='grc' dir='ltr'>Ζ·</span> <span class='ocrx_word' id='word_1_249' title='bbox 441 1738 547 1783; x_wconf 79' lang='lat' dir='ltr'>cibfi</span> <span class='ocrx_word' id='word_1_250' title='bbox 580 1740 620 1784; x_wconf 93' lang='lat' dir='ltr'>b.</span> <span class='ocrx_word' id='word_1_251' title='bbox 767 1744 819 1782; x_wconf 93' lang='lat'>11</span> <span class='ocrx_word' id='word_1_252' title='bbox 852 1751 989 1796; x_wconf 87' lang='lat' dir='ltr'>porro</span> <span class='ocrx_word' id='word_1_253' title='bbox 1022 1739 1049 1782; x_wconf 90' lang='grc' dir='ltr'>Ζ.</span> <span class='ocrx_word' id='word_1_254' title='bbox 1184 1740 1312 1782; x_wconf 87' lang='lat' dir='ltr'>rutas</span> <span class='ocrx_word' id='word_1_255' title='bbox 1344 1739 1384 1794; x_wconf 90' lang='lat' dir='ltr'>b,</span> <span class='ocrx_word' id='word_1_256' title='bbox 1417 1739 1488 1782; x_wconf 88' lang='lat' dir='ltr'>·ta</span> <span class='ocrx_word' id='word_1_257' title='bbox 1520 1739 1548 1782; x_wconf 90' lang='grc' dir='ltr'>Ζ.</span> <span class='ocrx_word' id='word_1_258' title='bbox 1673 1745 1841 1795; x_wconf 83' lang='lat' dir='ltr'>caepas</span> <span class='ocrx_word' id='word_1_259' title='bbox 1874 1739 1916 1793; x_wconf 90' lang='lat' dir='ltr'>b,</span> <span class='ocrx_word' id='word_1_260' title='bbox 1963 1791 1965 1795; x_wconf 9' lang='grc' dir='ltr'><strong>ἲ</strong></span> 
     </span>
    </p>

    <p class='ocr_par' dir='ltr' id='par_1_8' title="bbox 229 1796 1912 1915">
     <span class='ocr_line' id='line_1_27' title="bbox 229 1796 1912 1858; baseline 0 -16"><span class='ocrx_word' id='word_1_261' title='bbox 229 1812 368 1854; x_wconf 85' lang='lat' dir='ltr'>cepas</span> <span class='ocrx_word' id='word_1_262' title='bbox 401 1799 428 1843; x_wconf 90' lang='grc' dir='ltr'>Ζ.</span> <span class='ocrx_word' id='word_1_263' title='bbox 533 1803 587 1842; x_wconf 89' lang='grc'>12</span> <span class='ocrx_word' id='word_1_264' title='bbox 621 1802 718 1858; x_wconf 74' lang='lat' dir='ltr'>se(e</span> <span class='ocrx_word' id='word_1_265' title='bbox 743 1799 911 1855; x_wconf 86' lang='lat' dir='ltr'>b)nape</span> <span class='ocrx_word' id='word_1_266' title='bbox 944 1798 1009 1842; x_wconf 82' lang='lat' dir='ltr'>bl.</span> <span class='ocrx_word' id='word_1_267' title='bbox 1103 1810 1267 1853; x_wconf 90' lang='lat' dir='ltr'>agrum</span> <span class='ocrx_word' id='word_1_268' title='bbox 1299 1798 1338 1841; x_wconf 84' lang='lat' dir='ltr'>b.</span> <span class='ocrx_word' id='word_1_269' title='bbox 1460 1796 1680 1841; x_wconf 88' lang='lat' dir='ltr'>inferiore</span> <span class='ocrx_word' id='word_1_270' title='bbox 1713 1798 1760 1852; x_wconf 91' lang='lat' dir='ltr'>b,</span> <span class='ocrx_word' id='word_1_271' title='bbox 1793 1796 1853 1840; x_wconf 92' lang='lat' dir='ltr'>-ri</span> <span class='ocrx_word' id='word_1_272' title='bbox 1884 1798 1912 1842; x_wconf 92' lang='grc' dir='ltr'>Ζ.</span> 
     </span>
     <span class='ocr_line' id='line_1_28' title="bbox 291 1855 1852 1915; baseline 0 -15"><span class='ocrx_word' id='word_1_273' title='bbox 291 1862 344 1901; x_wconf 87' lang='grc'>13</span> <span class='ocrx_word' id='word_1_274' title='bbox 377 1856 415 1901; x_wconf 89' lang='lat' dir='ltr'>si</span> <span class='ocrx_word' id='word_1_275' title='bbox 450 1859 573 1914; x_wconf 73' lang='lat' dir='ltr'>(ante</span> <span class='ocrx_word' id='word_1_276' title='bbox 604 1859 676 1915; x_wconf 87' lang='lat' dir='ltr'>ex)</span> <span class='ocrx_word' id='word_1_277' title='bbox 707 1871 799 1913; x_wconf 81' lang='lat' dir='ltr'>rep.</span> <span class='ocrx_word' id='word_1_278' title='bbox 833 1858 897 1902; x_wconf 84' lang='lat' dir='ltr'>bl.</span> <span class='ocrx_word' id='word_1_279' title='bbox 1018 1855 1250 1900; x_wconf 88' lang='lat' dir='ltr'>incinibus</span> <span class='ocrx_word' id='word_1_280' title='bbox 1283 1857 1310 1900; x_wconf 94' lang='grc' dir='ltr'>Ζ.</span> <span class='ocrx_word' id='word_1_281' title='bbox 1436 1862 1490 1900; x_wconf 86' lang='grc'>14</span> <span class='ocrx_word' id='word_1_282' title='bbox 1522 1856 1599 1900; x_wconf 86' lang='lat' dir='ltr'>vel</span> <span class='ocrx_word' id='word_1_283' title='bbox 1631 1857 1677 1901; x_wconf 87' lang='lat' dir='ltr'>b:</span> <span class='ocrx_word' id='word_1_284' title='bbox 1711 1858 1795 1901; x_wconf 91' lang='lat' dir='ltr'>aut</span> <span class='ocrx_word' id='word_1_285' title='bbox 1825 1857 1852 1901; x_wconf 88' lang='grc' dir='ltr'>Ζ.</span> 
     </span>
    </p>

    <p class='ocr_par' dir='ltr' id='par_1_9' title="bbox 232 1915 1915 1972">
     <span class='ocr_line' id='line_1_29' title="bbox 232 1915 1915 1972; baseline 0 -13"><span class='ocrx_word' id='word_1_286' title='bbox 232 1921 285 1960; x_wconf 88' lang='grc'>15</span> <span class='ocrx_word' id='word_1_287' title='bbox 317 1919 370 1960; x_wconf 92' lang='lat' dir='ltr'>ut</span> <span class='ocrx_word' id='word_1_288' title='bbox 401 1930 484 1961; x_wconf 88' lang='lat' dir='ltr'>om.</span> <span class='ocrx_word' id='word_1_289' title='bbox 519 1917 583 1962; x_wconf 84' lang='lat' dir='ltr'>bl.</span> <span class='ocrx_word' id='word_1_290' title='bbox 713 1915 832 1961; x_wconf 89' lang='lat' dir='ltr'>sciat</span> <span class='ocrx_word' id='word_1_291' title='bbox 863 1918 890 1961; x_wconf 88' lang='grc' dir='ltr'>Ζ.</span> <span class='ocrx_word' id='word_1_292' title='bbox 1020 1916 1069 1960; x_wconf 88' lang='lat' dir='ltr'>te</span> <span class='ocrx_word' id='word_1_293' title='bbox 1100 1928 1183 1959; x_wconf 86' lang='lat' dir='ltr'>om.</span> <span class='ocrx_word' id='word_1_294' title='bbox 1218 1916 1280 1960; x_wconf 82' lang='lat' dir='ltr'>bl.</span> <span class='ocrx_word' id='word_1_295' title='bbox 1415 1921 1469 1960; x_wconf 83' lang='grc'>16</span> <span class='ocrx_word' id='word_1_296' title='bbox 1502 1915 1546 1961; x_wconf 91' lang='lat' dir='ltr'>ei</span> <span class='ocrx_word' id='word_1_297' title='bbox 1577 1915 1736 1961; x_wconf 90' lang='lat' dir='ltr'>dolore</span> <span class='ocrx_word' id='word_1_298' title='bbox 1768 1917 1815 1972; x_wconf 88' lang='lat' dir='ltr'>b,</span> <span class='ocrx_word' id='word_1_299' title='bbox 1849 1915 1915 1966; x_wconf 81' lang='lat' dir='ltr'>eis</span> 
     </span>
    </p>
   </div>
   <div class='ocr_carea' id='block_1_8' title="bbox 227 1973 1475 2031">
    <p class='ocr_par' dir='ltr' id='par_1_10' title="bbox 227 1973 1475 2031">
     <span class='ocr_line' id='line_1_30' title="bbox 227 1973 1475 2031; baseline 0.002 -13"><span class='ocrx_word' id='word_1_300' title='bbox 227 1974 410 2020; x_wconf 86' lang='lat' dir='ltr'>dolores</span> <span class='ocrx_word' id='word_1_301' title='bbox 443 1976 471 2020; x_wconf 93' lang='grc' dir='ltr'>Ζ.</span> <span class='ocrx_word' id='word_1_302' title='bbox 597 1981 649 2020; x_wconf 82' lang='grc'>17</span> <span class='ocrx_word' id='word_1_303' title='bbox 682 1975 873 2020; x_wconf 87' lang='lat' dir='ltr'>brachio</span> <span class='ocrx_word' id='word_1_304' title='bbox 907 1973 973 2019; x_wconf 86' lang='lat' dir='ltr'>eis</span> <span class='ocrx_word' id='word_1_305' title='bbox 1006 1989 1040 2020; x_wconf 79' lang='lat' dir='ltr'>s,</span> <span class='ocrx_word' id='word_1_306' title='bbox 1075 1975 1103 2031; x_wconf 87' lang='grc' dir='ltr'>Ζ,</span> <span class='ocrx_word' id='word_1_307' title='bbox 1135 1973 1347 2019; x_wconf 80' lang='lat' dir='ltr'>brachiis.</span> <span class='ocrx_word' id='word_1_308' title='bbox 1369 1989 1402 2019; x_wconf 85' lang='lat' dir='ltr'>s.</span> <span class='ocrx_word' id='word_1_309' title='bbox 1435 1976 1475 2021; x_wconf 85' lang='lat' dir='ltr'>b.</span> 
     </span>
    </p>
   </div>
  </div>
 </body>
</html>
