2014 3162
709 159 778 166 -—
860 130 1112 182 145-

62 260 152 305 hoc
181 258 321 303 modo
354 258 710 303 succurrendum
742 259 846 316 est].
886 259 1105 304 convenit
1137 273 1246 316 ergo
1278 274 1401 316 aqua
1423 263 1573 307 mulsa
1584 264 1747 310 humo·

65 333 169 364 rum
192 317 547 362 crassitudinem
570 319 763 362 tenuare
788 316 1107 362 destillatione
1130 317 1375 374 frequenti
1419 322 1542 376 quod
1567 322 1605 366 si
1628 321 1747 368 forte

62 377 214 422 infans
252 376 472 421 fluentem
502 375 745 421 humorem
774 376 1162 432 transvoraverit,
1202 378 1326 434 quod
1355 379 1554 423 necdum
1584 395 1747 437 spuere

63 436 231 490 valeat,
271 435 362 479 erit
391 435 488 480 eius
518 434 679 492 lingua
708 438 868 480 nostro
900 434 1050 493 digito
1081 435 1397 493 deprimenda,
1431 440 1482 482 ut
1518 442 1746 485 commoto

67 493 245 541 vomitu
275 494 411 539 facile
442 494 738 540 transvorata
768 493 947 540 reiciat.
1770 508 1791 540 5

735 628 812 684 (ib.
855 627 945 684 VI,
977 629 1071 685 53).

0 755 1 758 ,
180 717 299 762 Item
345 714 589 760 Suranus
637 716 800 760 auctor
843 715 1099 760 infantibus
1136 716 1441 762 tussientibus
1482 731 1537 762 ex
1575 718 1751 763 nucleis

0 806 1 812 ι
62 775 213 844 pineis
259 777 307 820 et
345 774 607 832 amygdalis
646 788 791 831 usque
832 774 893 819 ad
939 774 1151 819 nidorem
1196 775 1292 820 levi
1328 790 1478 833 pruna
1529 777 1663 822 tostis
1703 780 1752 822 et

65 834 150 880 lini
179 834 354 879 semine
378 847 432 879 ac
458 847 567 878 suco
592 833 850 890 glycyrizae
876 835 924 878 et
945 834 1223 890 tragacanto
1249 848 1353 879 cum
1376 836 1514 881 melle
1540 836 1750 882 confecto

64 894 194 939 velut
225 892 476 938 electuario
507 907 618 937 usus
649 895 730 937 est.

841 981 884 1024 ΙΙ
933 985 957 1024 1

634 1054 780 1112 (Orib.
814 1013 899 1100 lats
927 1054 1024 1108 IV,
1056 1056 1164 1112 347)

678 1128 754 1173 ‘ex
784 1128 879 1173 alio
910 1129 1137 1174 auctore’.

182 1216 359 1271 Quibus
390 1218 631 1262 menstrua
659 1230 753 1261 non
783 1216 1065 1284 proveniunt
1094 1216 1170 1262 vel
1200 1218 1363 1263 morbo
1391 1218 1630 1275 inpeditae
1655 1232 1752 1262 ma·
1777 1227 1819 1259 10

61 1277 193 1322 tricis
223 1277 300 1322 vel
329 1276 506 1322 residui
529 1275 750 1333 corporis,
781 1274 1074 1342 purgationis
1109 1276 1248 1321 solito
1274 1277 1485 1322 desertae
1509 1276 1755 1323 videantur

67 1336 240 1391 officio,
286 1349 476 1381 necesse
509 1336 580 1379 est
610 1348 693 1380 eae
724 1333 964 1391 patiantur
995 1335 1183 1402 clunum
1213 1335 1514 1393 gravedinem
1544 1338 1627 1381 aut
1652 1339 1754 1381 ten-

63 1396 240 1440 sionem
271 1395 343 1440 vel
371 1395 582 1440 dolorem
604 1395 864 1451 pubetenus
888 1393 1066 1449 atque
1052 1394 1310 1460 inguinum,
1343 1395 1426 1439 sed
1456 1396 1504 1440 et
1526 1396 1755 1440 stomachi

67 1455 244 1500 eversio
284 1454 339 1499 fit
369 1468 452 1511 per
481 1452 716 1508 nausiam,
746 1455 857 1497 tunc
897 1453 1081 1498 aurium
1110 1452 1311 1498 tinnitus
1343 1468 1448 1498 cum
1480 1454 1755 1499 obtunsione

66 1513 192 1558 visus
225 1514 273 1558 et
303 1512 471 1570 capitis
494 1487 745 1570 gravedine
770 1512 845 1557 vel
869 1511 1029 1557 dolore
1056 1511 1216 1570 [simul
1240 1515 1288 1558 et
1313 1513 1553 1558 oculorum
1575 1513 1754 1558 radices
1778 1518 1821 1551 15

68 1571 264 1630 dolent]‚
300 1573 381 1617 sed
413 1574 461 1617 et
490 1571 645 1616 fervor
675 1585 758 1628 per
789 1585 872 1616 ora
899 1570 1137 1615 insinuans
1168 1571 1238 1616 ita
1259 1572 1347 1616 ut
1333 1585 1442 1629 1gne
1467 1571 1683 1629 perfundi
1706 1586 1753 1616 se

64 1632 272 1676 sentiant
307 1630 358 1675 in
395 1631 558 1687 vultu,
606 1643 711 1675 cum
749 1644 972 1675 venarum
1010 1629 1251 1675 inflatione
1281 1631 1333 1675 in
1363 1630 1582 1688 occipitio
1614 1633 1755 1687 atque

64 1690 273 1735 radicum
320 1665 562 1735 οοηΙοιιιιι1
599 1689 783 1745 dolore,
830 1689 1092 1757 temptatis
1124 1691 1392 1735 occurrente
1425 1690 1608 1747 saepius
1639 1689 1756 1750 (et)

68 1763 208 1795 causa
240 1749 452 1794 naturali
475 1762 531 1793 ex
564 1761 655 1804 qua
684 1747 903 1806 purgatio
933 1747 1097 1804 negari
1126 1747 1419 1793 videtur..

181 1823 305 1853 nunc
357 1808 578 1866 quoniam
632 1807 939 1852 communiter
989 1806 1161 1851 matrix
1214 1783 1443 1863 afficitur,
1505 1807 1754 1863 aliquando
1779 1815 1821 1846 20

63 1867 341 1913 menstruali
371 1867 525 1912 officio
557 1866 743 1911 omnino
765 1868 953 1923 negato,
985 1866 1266 1921 aliquotiens
1283 1866 1560 1911 difficultate
1575 1868 1755 1910 meatus

63 1926 298 1984 inpedito,
334 1940 445 1971 nam
477 1925 643 1971 Graeci
675 1925 884 1983 strangin
916 1924 1154 1970 catharsin
1183 1929 1375 1982 vocant,
1422 1926 1581 1970 dolore
1613 1925 1756 1969 etiam

65 1985 316 2030 comitante
346 1985 671 2030 intestinorum
701 1985 936 2029 tormenta
966 1985 1242 2028 concurrent
1272 1986 1320 2029 et
1347 1984 1592 2042 inguinum
1616 1984 1756 2040 atque

65 2044 326 2103 pubetenus
366 2058 472 2089 cum
501 2044 687 2101 pectine
717 2043 869 2088 tensio
900 2057 1005 2087 cum
1036 2042 1249 2088 umbilici
1277 2046 1432 2100 parte,
1470 2044 1582 2087 tunc
1614 2042 1756 2087 etiam

65 2059 236 2161 capitis
283 2105 428 2161 atque
467 2102 659 2148 cervicis
701 2116 807 2147 cum
853 2101 1108 2147 maioribus
1157 2103 1312 2147 nervis
1345 2116 1460 2159 quos
1491 2101 1657 2147 Graeci
1686 2103 1756 2145 te-
1781 2109 1824 2141 25

65 2166 235 2209 nontas
265 2164 456 2218 vocant,
502 2165 550 2207 et
579 2162 819 2207 oculorum
850 2163 899 2206 et
927 2162 1250 2207 vertebrorum
1280 2163 1330 2206 et
1358 2162 1604 2215 femorum,
1652 2174 1757 2205 cum

65 2235 373 2267 mammarum
402 2221 658 2277 inflatione,
690 2221 955 2266 adtestante
985 2220 1175 2266 fastidio
1204 2222 1253 2265 et
1274 2220 1426 2277 ignito
1448 2219 1628 2265 fervore
1653 2233 1757 2263 cum

68 2281 278 2327 siccitate
315 2279 614 2326 muliebrium
654 2280 972 2326 verendorum.
1049 2294 1167 2337 quae
1218 2279 1374 2325 omnia
1414 2278 1498 2324 illo
1544 2280 1755 2335 tempore

69 2353 235 2398 corpus
267 2340 490 2386 adficiunt
521 2339 709 2397 quando
739 2338 942 2384 feminae
972 2339 1165 2396 purgari
1197 2339 1359 2384 solent.

187 2493 214 2532 3
247 2486 454 2544 dispueri
484 2503 527 2532 v.
561 2501 596 2532 c.
720 2492 746 2532 6
780 2500 836 2530 ex
867 2499 949 2531 om.
983 2500 1019 2532 c.
1143 2489 1167 2529 7
1207 2485 1303 2529 levi
1334 2484 1474 2542 pruni
1502 2484 1688 2529 tostatis
1719 2496 1754 2527 c.

129 2550 156 2590 8
187 2545 355 2604 glyrici
386 2561 422 2591 c.
562 2551 616 2590 11
649 2545 927 2613 purgatione
960 2543 1100 2589 solita
1130 2557 1165 2588 c.
1293 2549 1346 2588 12
1380 2557 1487 2589 eae:
1518 2542 1586 2588 hii
1617 2557 1640 2588 c

74 2610 129 2650 15
171 2607 278 2650 haec
307 2619 364 2650 eae
390 2607 597 2662 praeced.
629 2607 691 2660 fr.
722 2605 915 2661 repetita
943 2604 1159 2648 videntur
1183 2617 1233 2659 p.
1260 2606 1365 2657 347,
1388 2607 1429 2648 3.
1570 2606 1623 2645 16
1656 2613 1758 2644 oras

69 2677 108 2708 c.
230 2669 284 2709 18
315 2665 536 2722 temptati
568 2678 744 2710 occurr.
775 2677 810 2710 c.
936 2667 990 2707 19
1022 2661 1219 2708 videtur.
1253 2662 1387 2706 Nunc
1417 2661 1516 2706 sine
1545 2661 1628 2705 lac.
1661 2673 1696 2704 c.

72 2726 128 2768 21
159 2724 358 2780 negata.
378 2723 644 2781 ..inpedita
674 2737 710 2768 c.
843 2727 899 2766 22
933 2721 1112 2791 stragin
1142 2734 1177 2766 c.
1300 2725 1356 2765 23
1389 2718 1688 2764 concurrente
1719 2729 1759 2761 c

72 2785 132 2826 24
160 2782 338 2839 pectini
367 2796 403 2827 c.
527 2797 629 2828 cum
660 2797 703 2828 u.
737 2783 870 2838 parte
901 2781 968 2826 sie
999 2794 1034 2826 c.
1157 2784 1214 2824 25
1248 2793 1372 2823 cum.
1406 2779 1454 2822 et
1484 2791 1519 2823 c.

162 2936 340 2980 Soranus,
363 2937 422 2972 ed.
445 2937 557 2971 Bose.
1441 2927 1495 2967 10
