2014 3162
736 129 1136 181 -109—

90 272 255 315 autem
294 278 323 312 a
361 278 413 312 se
453 263 822 313 haemorroides
862 270 1038 312 natura
1078 264 1206 328 quod
1242 266 1481 329 quaedam
1512 275 1628 317 sunt
1659 270 1772 318 sim-

90 337 244 403 plices
292 343 342 386 et
379 337 644 401 humanae,
691 352 817 402 quae
865 336 1055 386 scilicet
1094 344 1144 386 et
1181 337 1354 387 molles
1394 347 1510 389 sunt
1549 347 1599 390 et
1637 341 1773 391 lenes

88 418 140 460 et
177 410 512 475 magnitudine
551 409 743 476 breves,
789 410 910 460 aliae
956 426 1074 460 vero
1115 417 1231 460 sunt
1268 411 1561 462 durissimae
1601 421 1651 463 et
1690 415 1772 464 do-

87 483 191 534 lore
221 499 418 533 omnem
440 485 739 534 vicinitatem
765 486 1103 548 percutientes
1128 491 1178 534 et
1201 486 1538 550 magnitudine
1563 488 1772 551 grandes

90 564 141 608 et
179 573 396 623 asperae.
475 573 598 623 quae
639 564 845 622 propter
884 558 1224 608 difficultatem
1263 565 1645 624 symptomatum
1684 561 1773 610 dif-

88 631 217 680 ficile
257 632 421 681 curari
460 639 683 697 possunt,
724 638 774 680 et
800 631 931 696 quod
955 633 1007 681 in
1038 632 1135 681 alto
1169 640 1285 682 sunt
1317 641 1366 682 et
1399 649 1497 682 non
1530 633 1774 683 videntur.

87 703 198 754 illae
252 719 369 755 vero
426 720 551 769 quae
600 705 849 770 simplices
888 711 939 754 et
975 705 1152 755 breves
1197 721 1311 756 cum
1348 706 1551 756 lenitate
1590 709 1774 757 inveni-

89 784 258 844 untur,
295 778 524 828 facillime
566 785 816 828 curantur.

199 846 335 919 (83.)
413 854 603 916 antiqui
650 867 767 916 ergo
815 852 996 917 quibus
1043 852 1218 902 tollere
1266 868 1348 902 eas
1395 853 1639 920 placebat,
1691 861 1775 903 aut

87 925 317 975 calastico
367 940 450 975 eas
496 925 770 975 inlinehant
815 933 900 975 aut
937 926 1037 975 lino
1078 926 1483 991 constringebant
1522 936 1606 977 aut
1643 927 1774 977 basis

88 1014 259 1049 earum
314 1000 604 1049 scarifantes
652 1001 724 1049 sic
774 999 1027 1065 pulverem
1077 999 1390 1065 adponehant
1436 1007 1491 1050 ut
1540 1001 1773 1065 paulatim

80 1071 181 1122 sibi
230 1080 454 1123 mortuae
502 1074 750 1123 caderent.
827 1089 952 1138 quae
1000 1076 1163 1123 omnia
1201 1089 1292 1123 nos
1331 1074 1677 1139 reprobamus,
1733 1077 1775 1123 si

85 1146 286 1212 quidem
340 1147 505 1196 fervor
559 1146 734 1196 exinde
788 1149 970 1197 nimius
1026 1155 1244 1212 emergat
1299 1154 1349 1197 et
1405 1163 1466 1197 ex
1527 1163 1774 1198 consensu

85 1221 350 1270 vicinitatis
387 1220 667 1286 periculum
707 1223 844 1270 nasci
877 1223 1048 1286 possit.
1124 1237 1216 1271 nos
1249 1237 1368 1287 ergo
1407 1223 1459 1271 in
1492 1224 1773 1272 accessione

87 1295 129 1343 si
161 1293 301 1343 dolor
339 1296 522 1344 nimius
561 1295 711 1344 fuerit
754 1311 811 1344 ea
852 1310 976 1360 quae
1016 1294 1076 1344 ad
1119 1296 1368 1345 fervuram
1408 1298 1625 1345 matricis
1657 1298 1775 1361 poni

85 1369 344 1434 iussimuS,
396 1370 544 1417 etiam
591 1384 723 1417 nunc
763 1369 1069 1433 adponimus
1146 1369 1313 1419 dolore
1354 1384 1470 1417 vero
1510 1369 1774 1418 recedente

86 1442 129 1490 si
166 1441 414 1506 plurimus
455 1443 655 1507 sanguis
694 1442 876 1508 fertur,
925 1457 981 1491 ea
1021 1458 1146 1507 quae
1186 1444 1528 1507 constringere
1567 1449 1776 1507 possunt

86 1520 136 1564 et
174 1515 526 1564 encathismata
566 1515 755 1565 staltica
795 1515 1098 1581 adhibemus,
1137 1518 1368 1581 ipsasque
1407 1516 1775 1565 haemorroidas

85 1588 289 1652 pulvere
345 1588 477 1653 quod
532 1590 709 1653 accipit
1053 1588 1125 1652 [id
1180 1596 1257 1638 est
1310 1591 1498 1654 gummi
1545 1589 1604 1638 de
1658 1605 1774 1654 pru-

85 1660 234 1724 nella]
293 1669 342 1711 et
396 1664 530 1711 coria
577 1662 692 1711 mali
738 1663 929 1727 granati
977 1669 1026 1712 et
1072 1662 1222 1728 gallas
1269 1669 1319 1712 et
1366 1663 1619 1727 sfragitida
1671 1669 1775 1712 tan-

85 1736 269 1801 gimuS,
315 1734 392 1784 vel
439 1737 652 1785 acaciam
700 1742 749 1785 et
794 1736 1106 1801 ypoquistida
1154 1739 1205 1785 in
1252 1738 1365 1786 vino
1418 1736 1662 1786 solventes
1701 1738 1774 1785 in-

87 1806 300 1858 linimuS.
378 1809 675 1859 dialimmate
722 1825 839 1859 vero
886 1811 1292 1878 superveniente,
1347 1817 1459 1859 ante
1507 1811 1775 1875 resumptis

88 1882 276 1932 viribus
307 1881 591 1950 laborantis,
624 1899 738 1933 cum
768 1885 1018 1949 integrum
1051 1899 1225 1934 sucum
1258 1885 1481 1950 corporis
1514 1885 1776 1950 acceperit,

208 2029 232 2068 1
266 2024 549 2070 emorroidas
574 2026 614 2079 b,
647 2025 739 2069 —dis
764 2026 793 2080 l,
826 2026 927 2069 -des
949 2027 990 2071 h.
1082 2031 1108 2070 2
1136 2028 1184 2070 et
1206 2025 1418 2070 humides
1453 2026 1553 2082 (sic)
1586 2026 1635 2069 et
1663 2025 1777 2069 mol-

87 2082 156 2128 les
188 2085 306 2128 sunt.
342 2085 390 2128 et
419 2083 536 2128 lines
568 2087 616 2128 et
646 2099 707 2129 m.
738 2084 807 2130 br.
841 2085 870 2128 Ζ.
1022 2088 1048 2129 5
1082 2084 1386 2128 sintomatum
1417 2085 1482 2130 bl.
1614 2083 1778 2128 diffici-

91 2141 177 2198 le(s
202 2144 234 2199 l>
269 2144 317 2199 b,
351 2141 549 2188 —cillime
581 2143 621 2188 h.
746 2149 771 2187 '7
803 2145 970 2188 breves
1001 2145 1085 2188 bh:
1125 2143 1277 2188 febres
1310 2146 1419 2188 sunt
1449 2144 1478 2188 l.
1629 2147 1655 2186 8
1688 2144 1775 2187 fac.

90 2204 310 2247 curantur
339 2203 387 2247 h:
421 2215 502 2246 om.
538 2203 603 2246 bl.
786 2208 812 2247 9
845 2217 957 2260 ergo
989 2203 1157 2260 quibus
1188 2204 1239 2247 h:
1287 2217 1397 2259 ergo
1429 2202 1547 2246 bene
1579 2203 1619 2256 Z,
1665 2215 1776 2246 vero

90 2259 207 2306 bene
239 2262 278 2306 b.
430 2261 651 2317 placebat
681 2262 751 2306 lh:
785 2262 943 2318 placet
974 2263 1015 2307 b.
1170 2266 1225 2306 10
1257 2261 1481 2306 calastico
1513 2262 1563 2305 h:
1596 2260 1777 2318 castigo

90 2319 131 2374 b,
165 2320 340 2364 costico
374 2320 402 2364 l.
569 2319 836 2365 inlinebant
867 2322 940 2365 bl:
980 2321 1211 2377 inlinie(ni
1233 2321 1417 2377 h0)bant
1447 2321 1489 2364 h.
1654 2318 1779 2364 vasis

93 2377 236 2434 (basis
267 2380 314 2437 h)
347 2392 508 2424 earum
540 2380 612 2424 lh:
646 2379 830 2425 enbasis
863 2386 919 2424 ea,
950 2381 989 2425 b.
1131 2385 1182 2423 11
1216 2382 1303 2436 put
1333 2381 1374 2434 b,
1406 2379 1572 2435 pulver
1601 2380 1644 2433 h,
1674 2379 1778 2435 pul-

89 2450 196 2482 vere
229 2439 257 2482 l.
439 2440 493 2482 ut
523 2451 606 2483 om.
640 2439 682 2483 b.
867 2444 920 2483 12
954 2439 1050 2484 sive
1082 2440 1266 2483 mortue
1298 2439 1346 2492 b,
1379 2438 1476 2483 sive
1508 2440 1716 2482 emortue
1748 2438 1777 2493 l,

91 2497 301 2565 emor-tue
334 2496 425 2541 sibi
454 2498 496 2542 h.
620 2499 958 2555 conprobamus
990 2500 1029 2543 b.
1153 2502 1208 2541 13
1241 2497 1413 2541 nimius
1443 2498 1492 2541 h:
1525 2510 1606 2542 om.
1641 2498 1704 2541 bl.

93 2554 352 2600 15·nim1us
386 2557 462 2601 bl:
493 2555 647 2601 minus
677 2558 719 2602 h.
855 2558 967 2615 poni
999 2558 1071 2602 bl:
1104 2556 1277 2614 apponi
1306 2557 1347 2600 h.
1487 2561 1541 2600 16
1573 2569 1696 2600 nunc
1725 2555 1775 2599 h:

93 2627 179 2658 nec
211 2615 251 2670 b,
282 2615 316 2658 h
347 2630 372 2659 c
402 2616 432 2662 l.
557 2621 610 2661 18
642 2615 850 2661 istaltica
881 2618 908 2662 l.
1048 2622 1102 2661 19
1133 2615 1324 2673 pulvere
1356 2615 1480 2671 quod
1510 2614 1696 2671 accipit.
1727 2613 1779 2657 id

90 2685 281 2729 gamma
329 2675 414 2732 sic)
447 2675 504 2719 de
535 2674 750 2732 prunella
782 2677 895 2732 (sine
926 2677 1045 2730 albo)
1076 2677 1106 2720 h
1137 2677 1210 2732 (et,
1242 2688 1324 2719 om.
1357 2674 1421 2728 id,
1457 2674 1630 2730 Cant.):
1675 2673 1777 2730 pul-

92 2731 348 2779 verizamus
379 2734 574 2791 pulvere
607 2748 696 2790 que
727 2735 780 2779 fit
805 2736 869 2780 bl.
993 2739 1050 2779 20
1083 2737 1131 2779 et
1161 2732 1307 2778 coria:
1342 2733 1524 2777 excoria.
1556 2734 1619 2787 bl,
1653 2731 1778 2776 coria

96 2790 196 2847 (om.
230 2793 302 2848 ex)
334 2794 375 2837 h.
497 2793 648 2850 gallas
682 2794 766 2838 bh:
798 2794 1030 2851 gallaa-um
1062 2795 1089 2838 Z.
1196 2792 1421 2849 fragitida
1452 2793 1491 2846 b,
1524 2790 1777 2847 frangitida

90 2849 119 2893 Ζ.
244 2856 299 2895 22
331 2851 620 2909 Dialigmata
651 2853 736 2909 (sic
764 2854 811 2910 h)
845 2878 897 2884 —
926 2854 994 2909 (p.
1022 2856 1126 2906 110,
1149 2853 1194 2908 1)
1230 2851 1383 2894 cibum
1413 2852 1464 2894 h:
1495 2863 1577 2895 om.
1611 2851 1666 2894 bl.

1799 939 1842 971 10

1800 1306 1842 1339 15

1800 1675 1842 1706 20
