2014 3162
872 125 1275 177 —270-

229 255 565 325 πολυάρτυτον
602 258 685 309 καὶ
723 255 1162 324 κεκαρυκευμένον.
1237 263 1506 311 κολακεῦον
1543 256 1637 326 γὰρ
1676 259 1754 310 ἐπὶ
1793 257 1923 312 πολὺ

230 337 319 405 τὴν
373 343 540 407 γεῦσιν
585 335 803 405 ἀπεψίας
849 335 1227 406 παρασκευάζει,
1277 335 1342 390 δι’
1393 335 1454 400 ἃς
1491 337 1827 407 φαρμάσσεται
1864 337 1920 392 τὸ

230 419 355 488 γάλα
391 425 493 482 τοῖς
529 418 694 481 ἅλλοις
722 423 825 482 τοῖς
861 419 918 470 ἐν
953 424 1020 489 τῷ
1059 416 1240 485 σώματι
1283 423 1647 486 παραπλησίως.
1717 418 1795 473 διὸ
1833 421 1918 472 καὶ

228 506 314 568 τῆς
353 503 658 568 συμμετρίαςζ
680 504 777 552 τῶν
814 499 1204 567 λαμβανομένων
1235 498 1552 567 στοχάζεσθαι
1583 499 1691 569 χρή,
1730 503 1811 553 ἵνα
1850 499 1921 568 μὴ

181 603 202 634 5
227 581 311 634 διὰ
349 580 401 634 τὸ
447 586 641 648 πλῆθος
680 578 872 647 ἀπεψία
908 580 1130 648 γένηται,
1165 585 1341 649 ληφθῇ
1380 580 1435 632 δὲ
1474 579 1566 633 ’ὅσα
1605 583 1787 651 ῥᾳδίως
1831 602 1921 634 πε-

226 661 489 730 φθήσεται,
527 662 610 713 καὶ
633 659 837 728 μάλιστα
860 663 905 713 εἰ
927 658 1009 712 διὰ
1039 658 1132 728 τὴν
1159 666 1248 713 τοῦ
1280 662 1500 733 βρέφους
1529 662 1805 729 ἐπιμέλειαν
1834 663 1916 714 καὶ

225 742 491 813 ἆγρυπνίαι
527 745 964 809 παρεμπίπτουσιν.

339 829 422 876 95.
474 820 752 891 ὡρισμένως
791 822 845 875 δὲ
885 826 967 875 δεῖ
995 827 1100 885 ταῖς
1139 824 1418 891 εἰρημέναις
1455 829 1663 891 τροφαῖς
1700 828 1917 892 χρῆσθαι

222 902 313 972 τὴν
342 909 695 974 γαλουχοῦσαν.
736 904 1022 972 λαμβανέτω
1060 901 1154 972 γὰρ
1183 910 1289 966 ταῖς
1319 903 1532 972 πρώταις
1562 902 1765 972 ἡμέραις
1795 903 1917 957 ἑπτὰ

163 1007 204 1039 10
225 988 310 1039 καὶ
331 984 454 1038 κατὰ
484 983 537 1038 τὸ
562 991 786 1039 πλεῖστον
811 986 930 1038 δέκα
959 983 1050 1051 τὴν
1079 982 1244 1052 ἇπλῆν
1274 986 1358 1037 καὶ
1389 983 1772 1053 εὐοικονόμητον
1800 1007 1907 1053 τρο-

156 1411 197 1443 15

156 1816 198 1849 20

223 1064 346 1135 φήν,
386 1064 495 1120 οἷον
533 1065 736 1135 ῥόφημα
765 1065 947 1120 πόλτον
980 1063 1045 1134 μὴ
1078 1064 1409 1134 λιπαρώτερον
1438 1067 1522 1118 καὶ
1553 1064 1627 1139 ᾠὰ
1653 1068 1738 1119 καὶ
1759 1065 1913 1135 ἄρτον

222 1149 305 1199 καὶ
349 1145 503 1201 ποτὸν
546 1145 697 1215 ὕδωρ.
775 1151 819 1200 εἰ
864 1145 1079 1200 δυνατὸν
1126 1147 1203 1213 δέ,
1249 1147 1334 1198 καὶ
1370 1145 1465 1214 πρὸ
1505 1152 1618 1214 μιᾶς
1655 1152 1797 1201 τοῦτο
1837 1151 1910 1199 δι-

223 1226 379 1282 δόναι.
441 1226 725 1295 λεπτότερον
774 1227 867 1297 γὰρ
907 1229 960 1280 ἐκ
996 1226 1173 1280 τούτου
1210 1228 1294 1279 καὶ
1333 1225 1823 1296 εὐκατεργαστότερον
1859 1225 1913 1282 τὸ

222 1308 346 1378 γάλα
382 1312 607 1378 γίγνεται.
671 1307 898 1362 τοιούτου
935 1307 1029 1377 γὰρ
1066 1307 1120 1360 τὸ
1159 1308 1344 1376 βρέφος
1383 1307 1543 1378 χρῄζει
1587 1311 1810 1376 βρυῶδες
1847 1310 1917 1361 ἔτι

221 1389 466 1459 τυγχάνον
509 1391 592 1442 καὶ
641 1387 938 1457 στενόπορον
985 1388 1104 1442 ὥστε
1143 1387 1496 1441 δυσδιόδευτον
1533 1386 1660 1441 εἶναι
1697 1387 1822 1457 πρὸς
1857 1387 1911 1443 τὸ

220 1469 495 1540 παχύτερον
533 1469 699 1539 ἀκμὴν
735 1470 873 1539 γάλα.
944 1468 1058 1538 μετὰ
1100 1470 1154 1522 δὲ
1191 1468 1282 1537 τὴν
1312 1465 1513 1538 πρώτην
1546 1468 1802 1538 ἑβδομάδα
1831 1472 1917 1522 καὶ

221 1551 455 1621 ἰχθύδιον
477 1550 725 1620 τρυφερὸν
747 1550 840 1604 σὺν
870 1558 973 1614 τοῖς
1003 1552 1275 1620 εἰρημένοις
1305 1547 1338 1618 ἢ
1369 1551 1498 1603 νέων
1526 1554 1707 1619 χοίρων
1731 1549 1916 1620 σάρκας

220 1631 252 1701 ἢ
293 1632 596 1702 ἐγκεφάλους
635 1631 727 1695 ἕως
767 1633 995 1701 δευτέρας
1024 1633 1107 1684 καὶ
1136 1635 1298 1700 τρίτης
1331 1630 1624 1700 ἑβδομάδος,
1664 1631 1783 1686 ὥστε
1805 1654 1914 1701 τρο-

222 1713 500 1783 φιμώτερον
536 1712 589 1767 τὸ
629 1712 752 1783 γάλα
789 1716 1059 1782 γίγνεσθαι.
1120 1711 1236 1780 μετὰ
1277 1712 1331 1765 δὲ
1367 1711 1461 1781 τὴν
1492 1714 1725 1782 δευτέραν
1753 1711 1786 1778 ἦ
1818 1716 1913 1782 τρί-

223 1818 313 1862 την
354 1793 623 1864 ἓβδομάδα,
668 1793 798 1848 τοῦτ’
857 1796 955 1846 ἔστι
1008 1794 1331 1863 πηγνυμένου
1369 1799 1457 1848 τοῦ
1495 1797 1680 1862 νηπίου
1717 1795 1800 1846 καὶ
1839 1797 1914 1848 δε-

221 1882 390 1929 κτικοῦ
429 1877 724 1946 γιγνομένου
762 1876 1124 1944 τροφιμωτέρας
1161 1874 1300 1942 ὅλης,
1338 1873 1433 1927 κᾶκ
1469 1880 1568 1927 τῶν
1607 1876 1769 1943 μέσων
1795 1882 1917 1944 λαμ·
1986 1876 1988 1878 ’

221 1957 408 2024 βανέτω
447 1979 491 2009 τι
528 1963 747 2024 πτηνῶν,
788 1954 884 2009 εἶθ’
929 1955 1086 2019 οὕτως
1123 1954 1248 2024 πρὸς
1283 1954 1432 2025 λόγον
1462 1962 1548 2024 τῆς
1577 1962 1663 2009 τοῦ
1694 1957 1916 2024 βρέφους

220 2036 471 2100 τονώσεως
515 2039 599 2091 καὶ
644 2036 896 2105 αὐξήσεως
945 2038 1029 2090 καὶ
1067 2042 1165 2090 τῶν
1203 2035 1465 2104 μειζόνων,
1514 2034 1613 2090 εἶτα
1650 2038 1732 2089 καὶ
1769 2037 1914 2106 κρέας

220 2117 418 2188 λάγειον
462 2117 494 2187 ἢ
544 2117 835 2187 δορκάδειον
880 2116 915 2186 ἢ
963 2120 1206 2186 ἐρίφειον,
1253 2117 1370 2185 μετὰ
1410 2118 1465 2171 δὲ
1501 2118 1655 2171 ταῦτα
1692 2120 1776 2171 καὶ
1813 2122 1914 2186 χοί-

178 2222 198 2254 5
222 2221 368 2268 ρειον.
452 2199 505 2254 τὸ
551 2199 645 2269 γὰρ
693 2202 747 2252 ἐκ
791 2205 877 2267 τῆς
924 2198 1286 2268 εὖτροφωτέρας
1332 2198 1454 2267 ὕλης
1498 2199 1623 2269 γάλα
1667 2198 1915 2268 τροφιμώ-

219 2303 373 2349 τερον.
456 2280 658 2349 ῧστερον
713 2281 767 2333 δὲ
819 2285 1059 2344 ποικίλοις
1104 2280 1307 2350 χρήσθω
1355 2284 1545 2348 σιτίοις,
1599 2284 1682 2334 ἴνα
1726 2282 1806 2334 καὶ
1859 2279 1914 2335 τὸ

222 2363 407 2430 βρέφος
467 2365 609 2433 ἐθίζῃ
662 2361 787 2431 πρὸς
839 2361 930 2430 τὴν
982 2366 1229 2416 ποικιλίαν
1282 2368 1379 2415 τῶν
1433 2361 1709 2431 δυνάμεων.
1801 2380 1913 2415 συν·

340 2511 367 2550 2
401 2504 743 2578 φαρμάσεσθαι
775 2521 799 2551 c
832 2509 964 2564 (corr.
998 2507 1072 2563 D).
1226 2512 1252 2551 3
1285 2503 1441 2558 ἄλλοις
1470 2511 1587 2557 vocs:
1620 2506 1719 2563 (sio)
1746 2521 1770 2551 c
1803 2508 1909 2562 (om.

222 2565 284 2622 (1)
408 2569 434 2609 8
460 2562 740 2638 ωρισμένοις
771 2580 796 2610 ο
829 2569 962 2640 (corr.
996 2567 1069 2637 D).
1203 2568 1284 2610 δεῖ
1309 2571 1431 2615 ταῖςε
1464 2567 1542 2609 δεῖ
1567 2566 1649 2610 καὶ
1680 2570 1782 2616 ταῖς
1813 2581 1850 2610 c

221 2630 246 2668 9
259 2620 392 2694 γάρε
426 2622 479 2668 δε
512 2638 548 2668 ο.
733 2623 871 2669 ὃέκαε
906 2623 960 2669 δε
993 2621 1071 2669 οἷεὶ
1102 2639 1140 2669 c.
1295 2630 1348 2668 11
1382 2623 1554 2668 πόλτον
1587 2621 1648 2681 μὴ
1680 2627 1744 2668 λ.ε
1789 2621 1907 2668 πολὺ

219 2680 303 2727 τὸν
337 2681 654 2739 λιπαρώτερον
687 2698 711 2727 c
744 2683 819 2740 (cf.
846 2684 998 2740 pultes
1027 2697 1123 2755 non¹
1154 2682 1325 2728 oleatae
1360 2683 1481 2727 Cael.
1516 2696 1585 2727 ox.
1621 2689 1662 2738 2,
1687 2685 1806 2739 208).

224 2747 278 2786 14
309 2743 523 2787 τοιοῦτον
557 2756 580 2786 c
613 2743 745 2798 (corr.
779 2743 850 2798 Ε).
1007 2746 1060 2786 18
1092 2737 1121 2798 ἢ
1155 2740 1394 2798 κεφάλους
1425 2756 1450 2786 ο
1483 2744 1613 2815 (corr.
1647 2742 1717 2812 E).
1848 2746 1903 2786 21

221 2802 311 2845 τῶν
353 2799 505 2859 μέσων
544 2815 603 2845 sc
651 2802 824 2846 mediae
866 2802 1081 2846 materiae
1117 2814 1256 2858 quam
1292 2799 1461 2846 Graeci
1502 2799 1649 2858 μέσην
1687 2796 1802 2856 ὕλην
1833 2812 1906 2844 vo-

224 2865 331 2904 cant
372 2859 493 2905 Cael.
528 2874 599 2905 ox.
635 2866 673 2918 1,
699 2865 754 2904 95
788 2863 875 2905 etc.
1017 2865 1072 2905 27
1107 2858 1386 2918 δυναμένων
1421 2874 1445 2904 c
1478 2862 1608 2915 (corr.
1641 2859 1714 2916 D).
