2014 3162
782 139 999 192 -99
1079 169 1147 176 --

119 283 298 343 guatur
338 282 387 326 et
419 277 490 325 sic
523 275 810 340 adponatur.
874 280 950 324 est
986 282 1036 324 et
1067 273 1199 325 aliud
1233 278 1499 326 exercitius
1530 280 1807 342 pessarium

119 350 250 416 quod
298 351 477 413 accipit
515 348 776 415 butyrum,
823 363 998 398 sucum
1046 351 1206 416 ysopi,
1255 350 1423 414 adipes
1463 354 1717 401 anserinos
1758 360 1808 402 et

117 423 414 490 gallinacios
492 437 604 471 nam
659 430 709 472 et
762 424 951 472 nitrum
998 437 1110 471 cum
1169 439 1261 474 uva
1301 439 1444 488 passa
1485 432 1706 474 exossata
1757 433 1807 475 et

115 498 214 547 ficu
253 497 313 546 ad
353 496 679 561 rumpendam
720 495 1061 545 collectionem
1100 495 1228 547 bene
1268 498 1399 547 facit.
1485 504 1807 562 conpetenter

117 572 264 621 etiam
319 576 368 620 et
422 570 635 620 melinen
691 569 1033 620 diaforeticum
1081 585 1106 619 a
1155 571 1276 621 foris
1330 570 1456 620 bene
1508 573 1805 637 inponimus,
1831 583 1852 616 5

118 644 278 694 solent
332 650 496 694 autem
548 643 670 693 haec
719 643 1037 694 collectiones
1092 644 1353 710 aliquando
1407 647 1542 695 intus
1597 647 1648 694 in
1702 648 1808 710 ipsa

116 718 257 768 vulva
304 733 558 784 rumpere,
613 719 679 766 ita
729 723 785 766 ut
824 717 1004 767 humor
1042 734 1132 783 per
1169 726 1338 784 partes
1376 718 1646 768 muliebres
1689 719 1807 768 foris

115 792 209 841 hoc
242 791 544 842 excludatur.
601 791 864 856 aliquando
896 793 947 840 in
979 793 1231 842 intestinis
1256 799 1509 858 rumpunt,
1542 800 1598 842 ut
1628 793 1808 842 humor

114 881 206 931 per
253 865 542 930 longaonem
590 880 704 914 cum
752 864 1058 915 stercoribus
1105 866 1198 916 hoc
1239 873 1400 933 exeat,
1455 867 1716 932 aliquando
1755 869 1807 916 in

19 954 27 957 Α
115 941 277 988 vesica
330 945 386 988 ut
433 954 545 988 cum
591 941 735 988 urina
782 940 944 988 sanies
992 939 1194 989 seratur.
1281 940 1542 1005 aliquando
1589 956 1705 990 vero
1747 940 1806 990 ad
1832 954 1875 985 10

114 1013 393 1079 praedictas
438 1012 609 1077 partes
664 1012 889 1062 collectio
944 1029 1043 1062 non
1098 1016 1370 1080 rumpitur,
1428 1014 1513 1063 sed
1568 1022 1623 1064 ut
1676 1016 1808 1063 inter

114 1086 222 1136 illas
260 1086 441 1136 humor
480 1093 674 1135 emanet
714 1092 762 1136 et
801 1085 892 1136 hac
923 1102 1015 1152 per
1047 1094 1211 1137 cutem
1243 1089 1432 1137 ventris
1464 1088 1595 1137 foras
1622 1090 1808 1137 exitum

117 1167 333 1226 quaerat.
412 1162 642 1225 quotiens
690 1175 808 1224 ergo
855 1161 907 1209 in
955 1163 1159 1211 matrice
1201 1163 1471 1228 rumpitur,
1526 1177 1616 1226 per
1655 1163 1805 1211 ferra·

115 1240 336 1284 mentum
375 1233 496 1283 illud
538 1234 669 1299 quod
708 1234 1078 1300 metrenchytes
1118 1235 1301 1285 dicitur
1332 1237 1563 1284 universa
1594 1236 1805 1284 medica-

116 1309 248 1357 mina
293 1323 559 1372 possumus
607 1308 884 1357 infundere.
963 1310 1006 1358 si
1052 1325 1167 1358 vero
1217 1309 1275 1358 ad
1323 1311 1558 1359 intestina
1605 1311 1807 1375 rumpit,
1833 1321 1875 1353 15

117 1381 176 1431 de
225 1381 435 1447 clystere
487 1397 578 1446 per
616 1381 906 1446 longaonem
959 1383 1283 1432 medicamina
1323 1385 1553 1450 accipiat,
1609 1385 1651 1432 si
1690 1398 1807 1432 vero

41 1499 44 1501 ,
121 1457 174 1504 in
221 1457 413 1521 vesica,
451 1470 542 1520 per
590 1455 854 1506 cathetera.
934 1457 976 1505 si
1015 1463 1179 1506 autem
1220 1463 1368 1521 caput
1407 1457 1500 1506 hoc
1540 1457 1671 1505 foras
1712 1456 1807 1506 col-

115 1528 263 1578 lectio
295 1529 485 1595 fecerit,
526 1528 957 1593 cataplasmatibus
989 1532 1240 1596 maturari,
1274 1530 1504 1595 scalpello
1539 1536 1704 1580 autem
1737 1530 1807 1579 di-

116 1604 219 1652 visa
258 1602 487 1652 facillime
527 1605 691 1652 curari
731 1609 909 1667 potest.

300 1760 458 1814 XXII
518 1761 595 1814 De
635 1760 953 1815 vulneribus
991 1760 1051 1816 in
1089 1763 1319 1818 matrice
1356 1763 1568 1834 positiS.
1787 1780 1974 1841 (inaffe)

227 1862 362 1935 (70.)
403 1866 525 1916 Cum
564 1883 718 1932 pecus
759 1868 1022 1918 adducitur
1061 1868 1137 1918 vel
1177 1870 1456 1920 conciditur
1494 1872 1673 1920 matrix
1705 1870 1806 1920 vul·
1831 1883 1873 1915 21
1955 1923 1960 1925 ,

236 1984 258 2022 1
294 1980 343 2023 et
374 1980 443 2023 est
474 1980 593 2024 alius
624 1980 858 2037 pessarius
891 1982 1136 2027 exercitius
1169 1982 1249 2039 qui
1282 1984 1310 2027 Ζ.
1464 1990 1488 2027 3
1521 1998 1628 2028 nam
1662 1998 1745 2028 om.
1778 1984 1805 2029 Ζ.

177 2040 448 2083 exsossuata
481 2040 580 2096 (sic)
607 2041 635 2084 l.
759 2044 787 2084 4
817 2040 956 2085 ficum
981 2042 1046 2086 lh.
1170 2041 1288 2086 bene
1320 2042 1373 2086 fit
1406 2044 1434 2087 l.
1558 2047 1583 2087 5
1616 2043 1806 2087 diafori-

51 2106 54 2107 ’
120 2097 263 2142 ticum
297 2098 325 2154 l,
359 2096 686 2143 diaforeticam
716 2100 760 2144 h.
913 2113 942 2143 a
972 2099 1083 2144 foris
1115 2114 1200 2146 om.
1233 2102 1274 2147 h.
1427 2101 1613 2158 inponis
1645 2103 1686 2146 h.

47 2201 50 2203 ,
116 2157 272 2201 autem
304 2170 386 2202 om.
419 2158 462 2202 h.
599 2163 625 2203 8
658 2158 746 2203 hoc
779 2172 863 2203 om.
897 2160 913 2204 l
946 2160 1044 2215 (qui
1066 2164 1311 2217 propterca
1340 2161 1527 2217 scripsit
1558 2162 1611 2204 ut
1641 2162 1808 2206 humor

114 2213 214 2272 ipse
246 2230 290 2272 p.
322 2218 402 2272 p.).
556 2223 581 2262 9
631 2218 721 2261 hoc
752 2231 835 2263 om.
870 2219 886 2262 Z
928 2219 1028 2274 (ubi
1056 2221 1110 2263 ut
1140 2220 1308 2263 humor
1338 2219 1418 2264 ille
1448 2235 1496 2276 p.
1530 2220 1597 2276 1.).
1749 2225 1806 2265 10

43 2299 47 2302 »
114 2288 225 2319 vero
256 2276 306 2319 h:
338 2276 494 2320 autem
527 2276 554 2322 l.
704 2281 755 2319 11
791 2277 1011 2322 colleccio
1042 2291 1134 2322 non
1165 2279 1215 2322 h:
1250 2277 1524 2323 collectione
1558 2280 1586 2323 l.
1731 2281 1804 2323 ut:

114 2331 197 2377 ubi
227 2334 270 2390 h,
302 2334 369 2378 ibi
401 2335 429 2378 l.
565 2339 618 2380 12
651 2336 889 2393 humore(s
914 2337 960 2393 h)
994 2338 1154 2382 manet
1186 2338 1249 2382 lh.
1373 2340 1426 2381 ut
1456 2338 1545 2382 hac
1579 2339 1607 2394 Z,
1641 2340 1688 2383 et
1717 2338 1807 2398 hec

114 2393 156 2438 h.
308 2393 436 2438 cutes
466 2394 508 2438 h.
664 2399 719 2439 14
751 2397 931 2449 meti-en
963 2394 1134 2440 dicitur
1164 2411 1194 2454 p
1228 2410 1318 2452 quo
1350 2411 1427 2441 un.
1462 2398 1497 2451 Z,
1531 2399 1677 2443 metre
1711 2397 1805 2441 citu

116 2451 287 2496 dicitur
316 2467 392 2497 un.
426 2453 468 2498 h.
652 2458 707 2498 16
755 2453 1028 2511 perclistere
1060 2455 1109 2499 in
1139 2455 1369 2512 longaone
1402 2456 1430 2501 l.
1612 2470 1723 2500 vero
1758 2457 1786 2500 h

116 2513 272 2556 autem
304 2512 331 2556 Ζ.
457 2517 511 2557 17
545 2526 629 2569 per
660 2515 889 2558 catateras
921 2514 1124 2571 accipiat
1156 2515 1184 2570 ῖ,
1217 2529 1301 2571 per
1332 2513 1554 2560 cathedra
1579 2517 1677 2571 (sic)
1702 2516 1743 2559 h.

118 2567 168 2613 si
207 2574 266 2615 asi
305 2571 394 2631 hec
433 2571 663 2616 collectio,
682 2572 834 2629 capud
866 2571 980 2617 foris
1011 2572 1176 2618 fecerit
1207 2575 1235 2618 l.
1421 2577 1475 2617 18
1508 2577 1741 2619 maturare
1774 2575 1802 2629 l,

115 2629 372 2674 maturetur
402 2631 443 2674 h.
567 2633 615 2676 et
646 2646 705 2677 sc.
739 2631 891 2676 divisa,
921 2633 964 2676 h.
1089 2638 1142 2677 19
1182 2633 1333 2690 possit
1364 2634 1391 2677 2.
1516 2638 1570 2677 21
1605 2647 1701 2690 cap.
1735 2637 1802 2678 22

116 2688 182 2732 sic
211 2689 378 2746 incipit
407 2690 461 2733 in
491 2691 541 2734 h:
596 2689 695 2749 Hec
735 2690 920 2735 valitud
954 2692 1052 2748 (sic)
1086 2693 1167 2736 aut
1211 2692 1267 2736 de
1302 2691 1484 2736 difficili
1514 2694 1666 2749 partu.
1722 2692 1804 2735 aut

117 2760 221 2790 cum
251 2761 392 2804 pecus
425 2749 475 2802 h,
505 2749 586 2805 qui
617 2754 800 2794 veterem
831 2752 1130 2795 emendaverit
1161 2752 1389 2796 lectionem
1421 2751 1540 2796 hanc
1573 2752 1643 2795 bl:
1676 2750 1801 2793 Haec

119 2805 330 2851 valitudo
362 2812 444 2852 aut
475 2807 530 2852 de
563 2808 832 2853 vulneribus
863 2809 913 2853 in
944 2810 1136 2854 matrice
1167 2810 1333 2866 positis
1366 2810 1431 2855 fit.
1474 2811 1557 2854 aut
1588 2823 1690 2853 cum
1723 2813 1798 2853 etc.

175 2865 251 2908 vel
284 2865 542 2910 conciditur
572 2868 621 2911 h:
655 2881 737 2913 om.
772 2870 814 2924 b,
844 2868 921 2912 vel
953 2873 1009 2913 cst
1042 2868 1224 2913 ducitur
1256 2870 1282 2913 ῖ.

1479 2941 1536 2985 7*
