2014 3162
872 160 942 170 —-
1025 132 1275 184 190-

231 266 439 331 ἕμπαλιν
477 264 691 332 ε’πέχοιτο
729 261 864 330 παρὰ
905 261 1074 329 φύσιν,
1112 261 1216 314 τότε
1254 265 1387 330 χρεία
1424 267 1782 330 θεραπευτικῆς
1812 264 1911 315 ἐπι-

226 348 439 411 μελείας,
485 342 551 412 ἢν
597 345 651 397 έν
695 350 767 416 τῷ
812 345 946 411 περὶ
983 349 1094 395 τῶν
1132 342 1287 411 παρὰ
1327 341 1512 410 φύσιν
1550 341 1700 414 λόγῳ
1741 342 1914 396 συντά-

226 429 384 492 ξομεν.

283 575 354 624 VI
414 574 492 624 Εἰ
529 573 623 624 ἐπὶ
663 571 1029 639 συμφέροντι
1067 572 1311 640 γέγονεν
1348 569 1380 638 ἡ
1420 577 1533 624 τῶν
1570 570 1848 639 ἐμμήνων

178 675 199 707 5
911 650 1222 720 κάθαρσις.

336 762 420 809 27.
454 754 592 808 Ἐπεὶ
629 762 731 818 τοῖς
770 755 858 822 μὲν
897 754 1246 823 συμφερόντως
1285 757 1592 825 γιγνομένοις
1630 759 1711 808 δεῖ
1740 773 1915 824 συνερ-

220 845 342 906 γεῖν,
380 845 481 900 τοῖς
520 838 574 890 δὲ
612 835 916 906 ἀσυμφόρως
955 835 1327 906 ἆποσυνεργεῖν,
1367 835 1647 907 ἀναγκαίως
1683 835 1770 891 τὸν
1799 839 1911 905 περὶ

219 924 308 971 τοῦ
346 920 669 986 προκειμένου
709 916 991 986 ποιούμεθα
1028 917 1189 988 λόγον.
1248 922 1504 1017 σημαίνειν
1543 919 1598 971 δὲ
1636 922 1717 972 δεῖ
1742 920 1794 971 ἐκ
1824 925 1911 987 τῆς

219 997 502 1068 προτάσεως
542 998 649 1066 δύο,
688 997 740 1052 τὸ
783 1020 872 1066 μεν
910 1002 955 1051 εἰ
989 997 1112 1066 πρὸς
1149 997 1359 1069 υγίειαν,
1397 998 1450 1052 τὸ
1493 993 1545 1051 δὲ
1577 1002 1620 1052 εἰ
1649 998 1772 1066 πρὸς
1803 1022 1914 1053 παι·

156 1104 198 1136 10
223 1083 457 1149 δογονίαν
495 1082 574 1133 ἐπὶ
613 1081 913 1149 συμφέροντι
942 1081 1143 1150 γέγονεν
1180 1079 1213 1149 ἡ
1245 1077 1515 1149 κάθαρσις,
1553 1083 1636 1133 και
1675 1082 1786 1148 περὶ
1825 1080 1915 1149 ἆμ-

221 1163 444 1264 φοτέρων
467 1160 631 1215 αυτῶν
653 1159 831 1214 ἐστιν
804 1184 837 1229 η
862 1163 1050 1228 σκέψις.
1089 1164 1242 1215 ε’νιοι
1267 1162 1355 1229 μὲν
1380 1164 1472 1215 οὖν
1494 1167 1591 1214 τῶν
1615 1164 1912 1229 ἔμπροσθεν,

222 1245 292 1294 ὧν
314 1244 396 1295 καὶ
413 1241 483 1294 Η
485 1241 733 1311 ροφιλος
757 1244 812 1294 έν
835 1247 900 1314 τῷ
924 1241 1048 1310 πρὸς
1070 1241 1156 1306 τὰς
1178 1241 1350 1306 κοινὰς
1368 1241 1514 1306 δόξας
1531 1242 1912 1311 ἐμνημόνευσεν,

220 1325 296 1376 ἐπὶ
345 1325 643 1392 συμφέροντι
687 1324 884 1392 λέγουσι
929 1324 1182 1392 γεγονέναι
1229 1322 1320 1391 τὴν
1366 1322 1615 1392 κάθαρσιν
1660 1325 1743 1376 καὶ
1789 1323 1913 1392 πρὸς

219 1403 409 1475 ὑγίειαν
439 1407 521 1458 καὶ
551 1403 675 1474 πρὸς
705 1408 1042 1473 παιδοποιίαν,
1079 1408 1349 1473 Θεμίσων
1380 1405 1540 1458 δὲκαὶ
1564 1407 1616 1458 οἰ
1641 1412 1912 1458 πλεῖστοι

154 1510 196 1542 15
219 1491 331 1539 τῶν
380 1485 677 1555 ἡμετέρων
725 1485 851 1555 πρὸς
902 1485 1064 1554 μόνην
1113 1490 1466 1556 παιδογονίαν,
1519 1487 1675 1550 τινὲς
1722 1486 1776 1538 δὲ
1813 1492 1912 1539 τῶν

220 1566 557 1636 εὖσημοτέρων
618 1566 728 1621 οὔτε
789 1566 914 1636 πρὸς
973 1565 1164 1637 ’ὑγίειαν
1227 1568 1338 1622 οὔτε
1397 1567 1521 1638 πρὸς
1574 1571 1911 1622 παιδοποιίαν.

212 1646 531 1716 “Ηρόφιλος
570 1649 625 1701 δὲ
655 1650 738 1701 καὶ
762 1649 1051 1712 Μνασέας
1089 1649 1210 1702 κατὰ
1243 1649 1519 1719 διαφόρους
1550 1648 1783 1718 ἐπιβολὰς
1811 1650 1906 1701 τισὶ

219 1730 308 1796 μὲν
345 1736 443 1782 τῶν
473 1735 724 1799 γυναικῶν
754 1729 878 1799 πρὸς
908 1728 1099 1800 ὑγίειαν
1131 1730 1380 1800 ὠφέλιμον
1409 1732 1635 1800 λέγουσιν
1666 1728 1792 1783 εἶναι
1821 1729 1913 1797 τὴν

218 1810 466 1879 κάθαρσιν
510 1813 602 1864 τισὶ
651 1811 706 1863 δὲ
743 1811 1004 1880 βλαβεράν.
1081 1816 1133 1866 οἷ
1165 1819 1348 1880 πρῶτοι
1387 1813 1475 1879 μὲν
1515 1807 1606 1866 οὗν
1645 1830 1798 1879 φασιν
1837 1809 1914 1864 ὅτι

152 1916 197 1948 20
220 1891 519 1962 προνοητικὴ
569 1898 666 1945 τῶν
715 1890 1003 1960 ἀνθρώπων
1053 1889 1176 1947 οὖσα
1225 1891 1257 1962 ἡ
1305 1892 1479 1960 φύσις,
1531 1892 1692 1962 ὁρῶσα
1736 1897 1911 1946 τοίνυν

218 1973 332 2037 τοὺς
371 1973 580 2043 ἄρρενας
616 1978 907 2042 γυμνασίοις
944 1973 996 2028 τὸ
1036 1973 1256 2042 περιττὸν
1295 1973 1683 2041 ἆποκενοῦντας,
1728 1972 1815 2037 τὰς
1853 1974 1909 2026 δὲ

218 2060 423 2123 θηλείας
461 2054 545 2108 διὰ
582 2053 635 2108 τὸ
669 2055 903 2123 οἰκουρὸν
932 2057 1015 2108 καὶ
1044 2057 1316 2125 καθέδριον
1347 2054 1536 2125 διάγειν
1568 2060 1681 2124 βίον
1711 2061 1908 2123 πλῆθος

219 2135 660 2207 ὖποσυλλεγούσας,
699 2142 984 2206 προνοοῢσα
1021 2144 1108 2191 τοῦ
1147 2138 1271 2206 μηδὲ
1309 2136 1487 2200 ταύτας
1523 2135 1743 2209 κινδύνῳ
1777 2157 1910 2205 περι-

218 2226 401 2285 πεσεῖν,
452 2217 536 2272 διὰ
573 2224 659 2287 τῆς
694 2217 985 2286 καθάρσεως
1024 2217 1258 2286 ἐπενόησε
1295 2218 1349 2272 τὸ
1387 2217 1608 2288 περιττὸν
1646 2216 1909 2286 ἆποχετεύ·

153 2322 195 2355 25
220 2320 305 2352 ειν.
367 2301 516 2352 ἔνθεν
555 2300 902 2369 στραγγοτέρας
939 2301 1231 2369 γνγνομένης
1270 2299 1563 2369 καθάρσεως
1598 2306 1909 2369 παρακολου-

218 2388 308 2434 θεῖ
347 2380 499 2449 βάρος
543 2387 762 2449 κεφαλῆς
806 2381 889 2433 καὶ
935 2379 1228 2449 ἆμβλυωπία
1266 2383 1350 2434 καὶ
1387 2380 1541 2444 πόνος
1578 2380 1785 2451 ἄρθρων
1822 2382 1911 2433 καὶ

218 2467 315 2514 τῶν
354 2463 408 2514 έν
446 2460 725 2530 ὀφθαλμοῖς
756 2461 952 2530 βάσεων
983 2459 1172 2527 ὀσφύος
1202 2483 1250 2514 τε
1280 2463 1363 2515 καὶ
1392 2461 1544 2530 ἤτρου
1577 2465 1908 2530 συναίσθησις

218 2541 402 2611 ἆπορία
448 2541 710 2612 ρ”ιπτασμὸς
757 2540 1011 2611 ἀνατροπὴ
1060 2541 1328 2611 στομάχου,
1381 2543 1497 2596 ποτὲ
1536 2543 1590 2594 δὲ
1628 2546 1780 2610 φρίκη
1819 2543 1904 2595 καὶ

219 2623 443 2692 πυρετός,
468 2617 538 2677 ὧν
562 2624 763 2676 ἕκαστον
787 2622 949 2676 λύεται
971 2628 1056 2690 τῆς
1078 2622 1368 2691 καθάρσεως
1397 2622 1546 2676 πάλιν
1570 2624 1903 2690 ἐπιφανείσης.

340 2759 396 2799 10
414 2753 715 2825 συμφέροντι
747 2767 771 2797 c
803 2755 908 2807 (om
943 2749 1021 2797 ἐπὶ
1053 2753 1262 2808 quodu
1210 2767 1230 2796 s
1233 2754 1362 2869 ufflpl.
1394 2754 1467 2811 D).
1592 2758 1645 2797 12
1678 2747 1744 2797 ὦν
1774 2753 1811 2797 Ε
1838 2757 1901 2810 (p.

219 2813 361 2928 {nvp
386 2829 457 2928 ἕξ
488 2827 524 2857 c.
709 2817 763 2856 13
803 2809 999 2869 λέγομεν
1032 2825 1055 2856 c
1088 2815 1216 2868 (corr.
1506 2816 1561 2856 22
1595 2809 1844 2869 οἰκουργόν
1876 2825 1906 2856 c

238 2886 340 2916 corr
