2014 3162
762 125 1163 178 -293—

123 262 276 325 χαλᾶν
314 257 625 324 δυναμένοις,
675 256 789 324 μετὰ
827 265 1186 328 καθυγρασμοῦ
1226 259 1279 311 δὲ
1317 266 1419 322 τοῖς
1457 259 1658 357 στύφειν
1697 259 1810 315 ὖπι-

120 339 461 407 σχνουμένοις,
516 335 623 391 οἷον
677 337 760 391 διὰ
815 344 982 406 φακοῦ
1034 340 1116 392 καὶ
1170 341 1356 392 σιδίων.
1444 340 1564 393 κατὰ
1616 342 1671 394 δὲ
1723 348 1810 396 τοῦ

118 421 292 482 ἕλκους
337 421 548 473 ἔνδοθεν
593 426 810 524 χρῆσθαι
854 427 912 492 τῇ
959 419 1160 494 ἆνθηρᾷ
1197 419 1231 489 ἢ
1269 424 1381 499 λείω
1419 428 1485 494 τῷ
1523 421 1671 476 ἄνθει
1714 429 1812 476 τῶν

123 498 337 570 ῥόδων
317 524 349 568 η
380 502 578 572 κυπέρῳ
610 499 642 568 ἢ
676 506 885 571 μυρίκης
914 507 1101 573 καρπῷ.
1155 495 1321 565 ποσῶς
1369 502 1423 555 δὲ
1461 509 1547 570 τῆς
1576 501 1812 572 ὑγρασίας

120 587 471 653 κρατηθείσης,
525 590 582 657 τῇ
624 582 707 636 διὰ
746 581 916 652 μόρων
954 589 1212 658 στοματικῇ
1251 584 1335 636 καὶ
1372 589 1430 654 τῇ
1470 582 1553 636 δια
1591 587 1812 637 κωδειῶν
1835 606 1857 639 5

120 666 204 718 καὶ
241 670 299 735 τῇ
338 663 404 717 δι’
448 663 794 735 ἆρνογλώσσου
826 663 942 733 μετὰ
982 666 1168 732 μέλιτος
1205 687 1238 732 η
1277 686 1373 716 τινι
1410 663 1538 736 ἄλλῳ
1570 670 1668 718 τῶν
1700 682 1812 717 στυ-

120 752 304 799 πτικῶν
342 752 504 815 χυλῶν
544 747 784 814 ἓψηθέντι
823 745 939 813 μετὰ
979 747 1177 814 μέλιτος.
1239 749 1425 814 βοηθεῖ
1455 748 1539 798 καὶ
1568 749 1664 815 ἴρις
1696 745 1812 814 μετὰ

122 828 332 894 μέλιτος,
384 829 467 880 καὶ
521 831 566 880 εἰ
615 826 738 895 ξηρὰ
793 828 1023 896 έμφυσᾶν
1078 828 1261 889 ἐθέλεις
1307 828 1391 878 καὶ
1441 825 1606 896 ῥόδων
1653 826 1814 894 φύλλα

120 909 410 975 κεκομμένα,
451 909 535 960 καὶ
572 906 625 961 τὸ
666 907 827 971 ἄνθος
864 914 962 960 τῶν
1002 907 1167 978 ρ”όδων
1204 909 1288 960 καὶ
1322 906 1501 975 κρόκος
1535 910 1619 960 καὶ
1649 907 1815 976 ὀλίγον

122 988 349 1056 σμύρνης
400 989 483 1040 καὶ
537 986 569 1056 ἡ
624 990 766 1056 κηκὶς
811 990 893 1041 καὶ
942 986 968 1041 ὁ
1018 987 1288 1057 λιβανωτὸς
1325 990 1409 1041 καὶ
1448 986 1474 1041 ὃ
1515 988 1688 1055 φλοιὸς
1725 995 1812 1043 τοῦ
1838 1012 1880 1043 ιο

121 1070 347 1138 λιβάνου,
402 1067 528 1138 ὁμοῦ
574 1092 624 1123 τε
675 1072 760 1124 καὶ
799 1073 902 1142 ἰδίᾳ
942 1072 1167 1137 ἕκαστον,
1223 1070 1372 1137 μέλιτι
1411 1068 1682 1137 δευόμενοι,
1736 1071 1815 1122 ἐπὶ

121 1150 311 1214 τούτοις
350 1151 636 1220 μελίκρατόν
674 1173 723 1205 τε
761 1154 844 1205 καὶ
882 1155 1000 1222 ῥοᾶς
1040 1155 1266 1222 γλυκείας
1305 1149 1331 1204 ὃ
1370 1149 1530 1220 χυλός.

231 1231 284 1287 τὸ
328 1233 382 1286 δὲ
419 1234 556 1302 θριξὶ
593 1240 852 1302 περιειλεῖν
888 1231 977 1286 τὸν
1016 1232 1259 1285 δάκτυλον
1297 1234 1380 1284 καὶ
1411 1231 1717 1300 ἀποβάπτειν
1750 1234 1816 1294 εἰς

122 1315 286 1367 ἔλαιον
323 1311 356 1381 ἢ
396 1313 499 1381 μέλι
537 1316 621 1367 καὶ
659 1312 964 1383 ἀποσμήχειν
1001 1311 1060 1366 τὰ
1103 1315 1241 1382 ἕλκη,
1286 1312 1514 1382 καθάπερ
1554 1317 1609 1366 αἱ
1641 1314 1816 1383 τροφοὶ

121 1391 386 1463 πράττουσι
423 1396 507 1447 καὶ
547 1394 750 1462 μάλιστα
781 1395 967 1449 τούτων
998 1398 1053 1447 αἱ
1080 1393 1259 1463 Σύραι,
1298 1396 1634 1463 παραιτητέον.
1696 1392 1814 1447 ἆπο-
1838 1416 1882 1449 15

127 1477 399 1544 σπωμένων
452 1475 546 1546 γὰρ
601 1483 699 1530 τῶν
757 1479 976 1546 ἕσχαρῶν
1037 1475 1388 1545 ἔνυβριζόμενα
1431 1474 1488 1528 τὰ
1535 1477 1647 1543 ἕλκη
1693 1496 1815 1543 παρ-

125 1555 358 1620 οξύνεται.

291 1760 428 1808 XLV
467 1758 616 1824 Περὶ
655 1753 1091 1825 ἐξανθημάτων
1129 1759 1225 1810 καὶ
1267 1756 1635 1826 ὅδαξησμῶν.

242 1879 362 1926 121.
431 1871 570 1941 Πρὸς
624 1875 680 1927 δὲ
724 1874 840 1938 τοὺς
891 1873 1203 1944 ὄδαξησμους
1247 1881 1334 1929 τοῦ
1389 1892 1610 1943 σωματος
1662 1877 1817 1943 πυρία

130 1971 408 2023 χρησιμευει
446 1956 529 2006 καὶ
566 1954 803 2022 αφθονον
848 1955 1057 2025 ἄλειμμα
1105 1955 1170 2009 δι’
1214 1958 1378 2011 ἐλαίου
1410 1956 1664 2024 ἀπέφθου,
1705 1974 1817 2010 συν·
1840 1978 1884 2010 20

123 2037 350 2098 τακέντος
395 2033 563 2104 ὀλίγου
609 2042 766 2105 κηροῦ
812 2058 956 2105 χαριν
999 2042 1087 2090 τοῦ
1132 2036 1404 2107 παχύτερον
1450 2037 1718 2136 γενόμενον
1762 2036 1816 2091 τὸ

123 2119 289 2170 ε’λαιον
333 2123 434 2179 τοῖς
482 2115 701 2185 σώμασιν
747 2119 993 2185 ἐπιμένειν
1040 2139 1132 2181 εως
1176 2122 1414 2182 πλείονος.
1492 2117 1615 2187 πρὸς
1665 2118 1720 2170 δὲ
1757 2117 1817 2174 τὰ

127 2197 444 2267 ἐξανθήματα
489 2199 573 2250 καὶ
610 2220 696 2261 τας
734 2203 1055 2265 φλυκταίνας·
1072 2201 1172 2252 καὶ»
1193 2198 1251 2252 τὰ
1289 2199 1522 2270 κάθυγρα
1558 2205 1657 2252 τῶν
1694 2197 1816 2251 κατὰ

123 2286 208 2348 τῆς
258 2281 548 2347 ἐπιφανείας
598 2277 1004 2347 ἀποτελουμένων
1058 2282 1212 2333 ἑλκῶν
1268 2279 1357 2348 τὴν
1411 2279 1571 2348 ἅλμην
1622 2281 1705 2332 καὶ
1761 2277 1814 2332 τὸ

246 2460 268 2498 1
303 2451 419 2512 μετὰ
454 2451 575 2499 καθ’
609 2449 872 2525 ὑγρασμοῦ
887 2454 970 2511 (sic
1003 2457 1047 2512 c)
1078 2471 1117 2500 τ.
1134 2469 1188 2526 „⁶·
1225 2450 1617 2526 ὑπισχνουμένοις
1656 2454 1816 2499 addidi

124 2527 180 2558 ex
211 2528 236 2559 ο
268 2515 375 2570 (om.
410 2513 473 2570 d).
580 2514 664 2558 τοῦ
697 2512 761 2558 D:
794 2509 905 2565 τοὺς
936 2528 974 2559 ο.
1068 2519 1094 2559 3
1128 2508 1158 2569 ἢ
1190 2514 1321 2572 λείῳ.
1353 2508 1466 2570 ἠλίω
1500 2528 1526 2558 ο
1558 2513 1633 2571 (cf.
1659 2513 1814 2558 Dione.

129 2574 314 2643 1‚130).
445 2579 474 2617 4
506 2574 703 2631 μυρίκης
736 2572 834 2629 (sic,
866 2572 949 2617 ubi
981 2575 1106 2618 errat
1136 2572 1183 2630 d)
1219 2587 1243 2618 ο
1270 2530 1536 2629 (ef.⁷⁷Diosc.
1572 2575 1755 2629 1,116).

123 2628 305 2690 καρπὸς
336 2645 360 2676 c
394 2634 527 2689 (corr.
559 2632 634 2689 D).
788 2638 814 2677 6
855 2628 885 2688 ἢ
926 2631 1020 2677 τινὶ
1049 2628 1200 2677 ἄλλων
1233 2632 1494 2677 στυπτικῶν
1525 2649 1565 2689 χ.
1599 2646 1636 2678 ο.
1789 2637 1814 2675 7

127 2689 353 2763 ἔπρεθέντι
386 2691 490 2750 (sic)
524 2706 548 2737 ο
580 2692 724 2748 (errat
754 2692 817 2750 d).
941 2696 968 2736 8
1001 2689 1149 2750 ξηρὰν
1182 2706 1219 2737 c.
1342 2695 1368 2736 9
1402 2687 1567 2748 ὀλίγως
1598 2705 1635 2736 c.
1759 2695 1814 2734 16

127 2766 223 2822 γαρ
248 2750 310 2794 E:
344 2749 398 2795 δὲ
430 2765 468 2796 c.
607 2750 785 2808 ἕλκηΕ
796 2748 994 2826 ·Ρρέφη
1027 2763 1066 2796 ο.
1201 2746 1550 2808 παροξύνονται
1583 2763 1619 2794 e.
1760 2755 1814 2793 19

127 2806 255 2867 Πρὸς
286 2808 346 2854 E:
380 2805 542 2881 Προὶος
574 2824 610 2856 c.
734 2815 791 2858 20
824 2807 1031 2866 αφθόνω
1063 2804 1313 2868 ἀλείμματι
1346 2824 1383 2854 c.
1498 2813 1552 2853 21
1586 2808 1814 2865 γενέσθαι

127 2881 166 2916 c.
288 2873 346 2914 24
377 2864 529 2927 ἅλμην
559 2868 722 2915 Aetius
757 2871 854 2926 (qui
884 2869 958 2913 his
990 2869 1138 2914 utitur
1161 2874 1204 2924 4,
1225 2870 1292 2926 2>:
1325 2863 1484 2925 ἀκμὴν
1509 2882 1546 2911 c.
