<?xml version="1.0" encoding="UTF-8"?>
<!DOCTYPE html PUBLIC "-//W3C//DTD XHTML 1.0 Transitional//EN"
    "http://www.w3.org/TR/xhtml1/DTD/xhtml1-transitional.dtd">
<html xmlns="http://www.w3.org/1999/xhtml" xml:lang="en" lang="en">
 <head>
  <title>
</title>
<meta http-equiv="Content-Type" content="text/html;charset=utf-8" />
  <meta name='ocr-system' content='tesseract 3.04.00' />
  <meta name='ocr-capabilities' content='ocr_page ocr_carea ocr_par ocr_line ocrx_word'/>
</head>
<body>
  <div class='ocr_page' id='page_1' title='image "./gynaeciorumvetus00sorauoft_0367.png"; bbox 0 0 2014 3162; ppageno 0'>
   <div class='ocr_carea' id='block_1_1' title="bbox 751 95 1148 147">
    <p class='ocr_par' dir='ltr' id='par_1_1' title="bbox 751 95 1148 147">
     <span class='ocr_line' id='line_1_1' title="bbox 751 95 1148 147; baseline 0 0"><span class='ocrx_word' id='word_1_1' title='bbox 751 95 1148 147; x_wconf 85' lang='lat'>-343—</span> 
     </span>
    </p>
   </div>
   <div class='ocr_carea' id='block_1_2' title="bbox 105 224 1862 1264">
    <p class='ocr_par' dir='ltr' id='par_1_2' title="bbox 105 224 1862 1264">
     <span class='ocr_line' id='line_1_2' title="bbox 112 224 1797 295; baseline -0.001 -16"><span class='ocrx_word' id='word_1_2' title='bbox 112 231 413 295; x_wconf 80' lang='grc' dir='ltr'><em>ξηροφαγεῖν</em></span> <span class='ocrx_word' id='word_1_3' title='bbox 450 224 508 278; x_wconf 82' lang='grc' dir='ltr'><em>τὰ</em></span> <span class='ocrx_word' id='word_1_4' title='bbox 539 233 750 292; x_wconf 81' lang='grc' dir='ltr'><em>πλεῖστα,</em></span> <span class='ocrx_word' id='word_1_5' title='bbox 790 228 872 279; x_wconf 84' lang='grc' dir='ltr'><em>καὶ</em></span> <span class='ocrx_word' id='word_1_6' title='bbox 902 233 999 280; x_wconf 82' lang='grc' dir='ltr'><em>τῶν</em></span> <span class='ocrx_word' id='word_1_7' title='bbox 1029 232 1228 294; x_wconf 82' lang='grc' dir='ltr'><strong><em>πτηνῶν</em></strong></span> <span class='ocrx_word' id='word_1_8' title='bbox 1258 248 1301 278; x_wconf 90' lang='grc' dir='ltr'><em>τι</em></span> <span class='ocrx_word' id='word_1_9' title='bbox 1333 225 1601 294; x_wconf 76' lang='grc' dir='ltr'><em>λαμβάνειν</em></span> <span class='ocrx_word' id='word_1_10' title='bbox 1632 224 1797 291; x_wconf 80' lang='grc' dir='ltr'><em>ὀπτόν,</em></span> 
     </span>
     <span class='ocr_line' id='line_1_3' title="bbox 112 304 1798 377; baseline -0.001 -18"><span class='ocrx_word' id='word_1_11' title='bbox 112 308 194 359; x_wconf 82' lang='grc' dir='ltr'><em>καὶ</em></span> <span class='ocrx_word' id='word_1_12' title='bbox 242 305 380 360; x_wconf 83' lang='grc' dir='ltr'><em>οἶνον</em></span> <span class='ocrx_word' id='word_1_13' title='bbox 429 305 594 377; x_wconf 82' lang='grc' dir='ltr'><em>ὀλίγον</em></span> <span class='ocrx_word' id='word_1_14' title='bbox 641 307 986 376; x_wconf 83' lang='grc' dir='ltr'><em>σκληρότερον,</em></span> <span class='ocrx_word' id='word_1_15' title='bbox 1041 307 1243 377; x_wconf 77' lang='grc' dir='ltr'><em>φεύγειν</em></span> <span class='ocrx_word' id='word_1_16' title='bbox 1298 306 1352 358; x_wconf 81' lang='grc' dir='ltr'><em>δὲ</em></span> <span class='ocrx_word' id='word_1_17' title='bbox 1405 308 1488 358; x_wconf 83' lang='grc' dir='ltr'><em>καὶ</em></span> <span class='ocrx_word' id='word_1_18' title='bbox 1540 304 1598 358; x_wconf 76' lang='grc' dir='ltr'><em>τὰ</em></span> <span class='ocrx_word' id='word_1_19' title='bbox 1651 304 1798 359; x_wconf 80' lang='grc' dir='ltr'><em>λοιπὰ</em></span> 
     </span>
     <span class='ocr_line' id='line_1_4' title="bbox 113 387 1799 457; baseline 0 -18"><span class='ocrx_word' id='word_1_20' title='bbox 113 387 387 454; x_wconf 77' lang='grc' dir='ltr'><em>ἐρεθιστικοὶ</em></span> <span class='ocrx_word' id='word_1_21' title='bbox 418 394 514 441; x_wconf 81' lang='grc' dir='ltr'><em>τῶν</em></span> <span class='ocrx_word' id='word_1_22' title='bbox 546 387 852 456; x_wconf 77' lang='grc' dir='ltr'><em>ἀφροδισίων</em></span> <span class='ocrx_word' id='word_1_23' title='bbox 885 387 948 452; x_wconf 81' lang='grc' dir='ltr'><em>ὡς</em></span> <span class='ocrx_word' id='word_1_24' title='bbox 982 387 1097 456; x_wconf 88' lang='grc' dir='ltr'><em>μήτε</em></span> <span class='ocrx_word' id='word_1_25' title='bbox 1129 390 1183 440; x_wconf 80' lang='grc' dir='ltr'><em>ἐν</em></span> <span class='ocrx_word' id='word_1_26' title='bbox 1215 390 1468 457; x_wconf 77' lang='grc' dir='ltr'><em>ζωγραφίᾳ</em></span> <span class='ocrx_word' id='word_1_27' title='bbox 1495 393 1799 455; x_wconf 79' lang='grc' dir='ltr'><strong><em>χαρακτῆρας</em></strong></span> 
     </span>
     <span class='ocr_line' id='line_1_5' title="bbox 113 465 1798 538; baseline 0 -18"><span class='ocrx_word' id='word_1_28' title='bbox 113 467 355 520; x_wconf 80' lang='grc' dir='ltr'><em>δεικνύειν</em></span> <span class='ocrx_word' id='word_1_29' title='bbox 402 468 684 538; x_wconf 80' lang='grc' dir='ltr'><em>εὐμόρφους</em></span> <span class='ocrx_word' id='word_1_30' title='bbox 730 469 848 537; x_wconf 83' lang='grc' dir='ltr'><em>μήτε</em></span> <span class='ocrx_word' id='word_1_31' title='bbox 893 468 1007 532; x_wconf 80' lang='grc' dir='ltr'><em>τοὺς</em></span> <span class='ocrx_word' id='word_1_32' title='bbox 1044 470 1154 537; x_wconf 85' lang='grc' dir='ltr'><em>περὶ</em></span> <span class='ocrx_word' id='word_1_33' title='bbox 1191 474 1275 535; x_wconf 83' lang='grc' dir='ltr'><em>τῆς</em></span> <span class='ocrx_word' id='word_1_34' title='bbox 1317 470 1583 529; x_wconf 84' lang='grc' dir='ltr'><em>συνουσίας</em></span> <span class='ocrx_word' id='word_1_35' title='bbox 1620 465 1798 535; x_wconf 83' lang='grc' dir='ltr'><em>λόγους</em></span> 
     </span>
     <span class='ocr_line' id='line_1_6' title="bbox 110 546 1840 620; baseline -0.001 -19"><span class='ocrx_word' id='word_1_36' title='bbox 110 553 356 616; x_wconf 79' lang='grc' dir='ltr'><em>τίθεσθαι,</em></span> <span class='ocrx_word' id='word_1_37' title='bbox 389 549 597 619; x_wconf 81' lang='grc' dir='ltr'><em>στυγνὰς</em></span> <span class='ocrx_word' id='word_1_38' title='bbox 630 551 683 602; x_wconf 82' lang='grc' dir='ltr'><em>δὲ</em></span> <span class='ocrx_word' id='word_1_39' title='bbox 713 550 799 612; x_wconf 75' lang='grc' dir='ltr'><em>τοὶς</em></span> <span class='ocrx_word' id='word_1_40' title='bbox 831 548 1077 620; x_wconf 77' lang='grc' dir='ltr'><em>διαγωγὰς</em></span> <span class='ocrx_word' id='word_1_41' title='bbox 1107 556 1360 603; x_wconf 77' lang='grc' dir='ltr'><em>ποιεῖσθαι</em></span> <span class='ocrx_word' id='word_1_42' title='bbox 1391 549 1474 600; x_wconf 86' lang='grc' dir='ltr'><em>καὶ</em></span> <span class='ocrx_word' id='word_1_43' title='bbox 1498 546 1797 616; x_wconf 74' lang='grc' dir='ltr'><em>ἀναγνώσεις</em></span> <span class='ocrx_word' id='word_1_44' title='bbox 1820 568 1840 599; x_wconf 89' lang='lat'>5</span> 
     </span>
     <span class='ocr_line' id='line_1_7' title="bbox 111 628 1798 700; baseline -0.002 -17"><span class='ocrx_word' id='word_1_45' title='bbox 111 628 290 697; x_wconf 84' lang='grc' dir='ltr'><em>ὁμοίως</em></span> <span class='ocrx_word' id='word_1_46' title='bbox 336 632 418 683; x_wconf 86' lang='grc' dir='ltr'><em>καὶ</em></span> <span class='ocrx_word' id='word_1_47' title='bbox 465 630 751 700; x_wconf 83' lang='grc' dir='ltr'><em>διηγήματα.</em></span> <span class='ocrx_word' id='word_1_48' title='bbox 828 630 1147 700; x_wconf 79' lang='grc' dir='ltr'><em>χρονιζούσης</em></span> <span class='ocrx_word' id='word_1_49' title='bbox 1193 632 1247 683; x_wconf 84' lang='grc' dir='ltr'><em>δὲ</em></span> <span class='ocrx_word' id='word_1_50' title='bbox 1284 635 1369 698; x_wconf 82' lang='grc' dir='ltr'><em>τῆς</em></span> <span class='ocrx_word' id='word_1_51' title='bbox 1409 630 1677 691; x_wconf 80' lang='grc' dir='ltr'><em>διαθέσεως</em></span> <span class='ocrx_word' id='word_1_52' title='bbox 1715 631 1798 681; x_wconf 85' lang='grc' dir='ltr'><em>καὶ</em></span> 
     </span>
     <span class='ocr_line' id='line_1_8' title="bbox 107 711 1795 780; baseline -0.001 -17"><span class='ocrx_word' id='word_1_53' title='bbox 107 715 398 780; x_wconf 88' lang='grc' dir='ltr'><em>γυμνασίοις</em></span> <span class='ocrx_word' id='word_1_54' title='bbox 435 718 648 780; x_wconf 81' lang='grc' dir='ltr'><em>χρῆσθαι</em></span> <span class='ocrx_word' id='word_1_55' title='bbox 685 714 768 765; x_wconf 83' lang='grc' dir='ltr'><em>καὶ</em></span> <span class='ocrx_word' id='word_1_56' title='bbox 806 711 1107 780; x_wconf 78' lang='grc' dir='ltr'><em>ἆφιδρώσεσι</em></span> <span class='ocrx_word' id='word_1_57' title='bbox 1152 713 1235 764; x_wconf 83' lang='grc' dir='ltr'><em>καὶ</em></span> <span class='ocrx_word' id='word_1_58' title='bbox 1279 714 1470 778; x_wconf 85' lang='grc' dir='ltr'><em>τρίψεσι</em></span> <span class='ocrx_word' id='word_1_59' title='bbox 1518 711 1602 762; x_wconf 87' lang='grc' dir='ltr'><em>καὶ</em></span> <span class='ocrx_word' id='word_1_60' title='bbox 1648 714 1795 777; x_wconf 89' lang='grc' dir='ltr'><em>βαλα-</em></span> 
     </span>
     <span class='ocr_line' id='line_1_9' title="bbox 108 785 1797 863; baseline -0.001 -19"><span class='ocrx_word' id='word_1_61' title='bbox 108 796 258 855; x_wconf 88' lang='grc' dir='ltr'><em>νείοις</em></span> <span class='ocrx_word' id='word_1_62' title='bbox 302 800 536 861; x_wconf 80' lang='grc' dir='ltr'><em>ψυχροῖς,</em></span> <span class='ocrx_word' id='word_1_63' title='bbox 583 796 763 863; x_wconf 77' lang='grc' dir='ltr'><em>ῥοδίνῳ</em></span> <span class='ocrx_word' id='word_1_64' title='bbox 813 794 867 845; x_wconf 83' lang='grc' dir='ltr'><em>δὲ</em></span> <span class='ocrx_word' id='word_1_65' title='bbox 915 799 1129 861; x_wconf 82' lang='grc' dir='ltr'><em>συνεχῶς</em></span> <span class='ocrx_word' id='word_1_66' title='bbox 1174 794 1391 861; x_wconf 86' lang='grc' dir='ltr'><em>χριστέον</em></span> <span class='ocrx_word' id='word_1_67' title='bbox 1435 790 1488 844; x_wconf 86' lang='grc' dir='ltr'><em>τὸ</em></span> <span class='ocrx_word' id='word_1_68' title='bbox 1527 785 1677 859; x_wconf 73' lang='grc' dir='ltr'><em>ἦτρον</em></span> <span class='ocrx_word' id='word_1_69' title='bbox 1714 793 1797 843; x_wconf 85' lang='grc' dir='ltr'><em>καὶ</em></span> 
     </span>
     <span class='ocr_line' id='line_1_10' title="bbox 111 870 1796 940; baseline 0 -16"><span class='ocrx_word' id='word_1_70' title='bbox 111 871 202 939; x_wconf 82' lang='grc' dir='ltr'><em>τὴν</em></span> <span class='ocrx_word' id='word_1_71' title='bbox 240 870 418 939; x_wconf 83' lang='grc' dir='ltr'><em>ὀσφύν.</em></span> <span class='ocrx_word' id='word_1_72' title='bbox 494 875 724 940; x_wconf 84' lang='grc' dir='ltr'><em>χρηστέον</em></span> <span class='ocrx_word' id='word_1_73' title='bbox 764 874 816 925; x_wconf 83' lang='grc' dir='ltr'><em>δὲ</em></span> <span class='ocrx_word' id='word_1_74' title='bbox 854 875 938 925; x_wconf 83' lang='grc' dir='ltr'><em>καὶ</em></span> <span class='ocrx_word' id='word_1_75' title='bbox 975 882 1097 936; x_wconf 81' lang='grc' dir='ltr'><em>τοῖς</em></span> <span class='ocrx_word' id='word_1_76' title='bbox 1138 873 1234 925; x_wconf 83' lang='grc' dir='ltr'><em>ἐπὶ</em></span> <span class='ocrx_word' id='word_1_77' title='bbox 1271 879 1370 939; x_wconf 88' lang='grc' dir='ltr'><em>τῆς</em></span> <span class='ocrx_word' id='word_1_78' title='bbox 1408 879 1521 925; x_wconf 83' lang='grc' dir='ltr'><em>τῶν</em></span> <span class='ocrx_word' id='word_1_79' title='bbox 1559 871 1796 939; x_wconf 77' lang='grc' dir='ltr'><em>ἀνδρῶν</em></span> 
     </span>
     <span class='ocr_line' id='line_1_11' title="bbox 105 954 1862 1023; baseline -0.002 -17"><span class='ocrx_word' id='word_1_80' title='bbox 105 957 461 1023; x_wconf 87' lang='grc' dir='ltr'><em>γονορροίας</em></span> <span class='ocrx_word' id='word_1_81' title='bbox 508 957 607 1007; x_wconf 86' lang='grc' dir='ltr'><em>καὶ</em></span> <span class='ocrx_word' id='word_1_82' title='bbox 654 954 1013 1023; x_wconf 79' lang='grc' dir='ltr'><em>ὀνειρώξεως</em></span> <span class='ocrx_word' id='word_1_83' title='bbox 1058 954 1610 1022; x_wconf 81' lang='grc' dir='ltr'><em>προγεγραμμένοις</em></span> <span class='ocrx_word' id='word_1_84' title='bbox 1655 956 1794 1020; x_wconf 88' lang='grc' dir='ltr'><em>βοη-</em></span> <span class='ocrx_word' id='word_1_85' title='bbox 1820 972 1862 1002; x_wconf 89' lang='lat'><em>10</em></span> 
     </span>
     <span class='ocr_line' id='line_1_12' title="bbox 107 1033 1796 1104; baseline 0 -19"><span class='ocrx_word' id='word_1_86' title='bbox 107 1033 190 1102; x_wconf 78' lang='grc' dir='ltr'><em>θή</em></span> <span class='ocrx_word' id='word_1_87' title='bbox 199 1051 352 1102; x_wconf 87' lang='grc' dir='ltr'><em>μασι.</em></span> <span class='ocrx_word' id='word_1_88' title='bbox 448 1038 786 1104; x_wconf 84' lang='grc' dir='ltr'><em>διαλείμματος</em></span> <span class='ocrx_word' id='word_1_89' title='bbox 850 1035 904 1087; x_wconf 81' lang='grc' dir='ltr'><em>δὲ</em></span> <span class='ocrx_word' id='word_1_90' title='bbox 965 1035 1233 1104; x_wconf 83' lang='grc' dir='ltr'><em>γενομένου</em></span> <span class='ocrx_word' id='word_1_91' title='bbox 1294 1042 1395 1096; x_wconf 84' lang='grc' dir='ltr'><em>τοῖς</em></span> <span class='ocrx_word' id='word_1_92' title='bbox 1454 1040 1652 1087; x_wconf 84' lang='grc' dir='ltr'><em>τονοῦσι</em></span> <span class='ocrx_word' id='word_1_93' title='bbox 1713 1036 1796 1085; x_wconf 86' lang='grc' dir='ltr'><em>καὶ</em></span> 
     </span>
     <span class='ocr_line' id='line_1_13' title="bbox 105 1109 1795 1184; baseline -0.001 -16"><span class='ocrx_word' id='word_1_94' title='bbox 105 1119 539 1184; x_wconf 87' lang='grc' dir='ltr'><em>μετασυγκρίνουσι</em></span> <span class='ocrx_word' id='word_1_95' title='bbox 576 1124 786 1179; x_wconf 82' lang='grc' dir='ltr'><em>τοπικῶς</em></span> <span class='ocrx_word' id='word_1_96' title='bbox 831 1118 914 1168; x_wconf 84' lang='grc' dir='ltr'><em>καὶ</em></span> <span class='ocrx_word' id='word_1_97' title='bbox 958 1114 1048 1183; x_wconf 85' lang='grc' dir='ltr'><em>τὴν</em></span> <span class='ocrx_word' id='word_1_98' title='bbox 1098 1114 1219 1182; x_wconf 75' lang='grc' dir='ltr'><em>ὅλην</em></span> <span class='ocrx_word' id='word_1_99' title='bbox 1265 1114 1541 1184; x_wconf 77' lang='grc' dir='ltr'><em>σύγκρισιν,</em></span> <span class='ocrx_word' id='word_1_100' title='bbox 1593 1109 1664 1167; x_wconf 73' lang='grc' dir='ltr'><em>ὧν</em></span> <span class='ocrx_word' id='word_1_101' title='bbox 1711 1113 1795 1177; x_wconf 77' lang='grc' dir='ltr'><em>τὰς</em></span> 
     </span>
     <span class='ocr_line' id='line_1_14' title="bbox 105 1195 1378 1264; baseline 0.001 -16"><span class='ocrx_word' id='word_1_102' title='bbox 105 1195 226 1259; x_wconf 73' lang='grc' dir='ltr'><em>ῧλας</em></span> <span class='ocrx_word' id='word_1_103' title='bbox 264 1199 317 1248; x_wconf 80' lang='grc' dir='ltr'><em>ἐκ</em></span> <span class='ocrx_word' id='word_1_104' title='bbox 354 1203 451 1249; x_wconf 82' lang='grc' dir='ltr'><em>τῶν</em></span> <span class='ocrx_word' id='word_1_105' title='bbox 489 1196 711 1264; x_wconf 81' lang='grc' dir='ltr'><em>πρόσθεν</em></span> <span class='ocrx_word' id='word_1_106' title='bbox 751 1198 1020 1264; x_wconf 82' lang='grc' dir='ltr'><em>εἰρημένων</em></span> <span class='ocrx_word' id='word_1_107' title='bbox 1060 1197 1378 1263; x_wconf 85' lang='grc' dir='ltr'><em>μετενεκτέον.</em></span> 
     </span>
    </p>
   </div>
   <div class='ocr_carea' id='block_1_3' title="bbox 460 1354 1437 1426">
    <p class='ocr_par' dir='ltr' id='par_1_3' title="bbox 460 1354 1437 1426">
     <span class='ocr_line' id='line_1_15' title="bbox 460 1354 1437 1426; baseline 0 -17"><span class='ocrx_word' id='word_1_108' title='bbox 460 1363 584 1410; x_wconf 90' lang='lat' dir='ltr'>XIII</span> <span class='ocrx_word' id='word_1_109' title='bbox 640 1361 790 1426; x_wconf 89' lang='grc' dir='ltr'><em>Περὶ</em></span> <span class='ocrx_word' id='word_1_110' title='bbox 828 1357 1163 1425; x_wconf 83' lang='grc' dir='ltr'><em>ἆτονούσης</em></span> <span class='ocrx_word' id='word_1_111' title='bbox 1203 1354 1437 1425; x_wconf 81' lang='grc' dir='ltr'><em>μήτρας.</em></span> 
     </span>
    </p>
   </div>
   <div class='ocr_carea' id='block_1_4' title="bbox 105 1467 1859 1944">
    <p class='ocr_par' dir='ltr' id='par_1_4' title="bbox 105 1467 1859 1944">
     <span class='ocr_line' id='line_1_16' title="bbox 217 1467 1859 1538; baseline 0.001 -18"><span class='ocrx_word' id='word_1_112' title='bbox 217 1474 302 1521; x_wconf 85' lang='grc'><em>47.</em></span> <span class='ocrx_word' id='word_1_113' title='bbox 337 1467 524 1536; x_wconf 74' lang='grc' dir='ltr'><em>’Ὠσπερ</em></span> <span class='ocrx_word' id='word_1_114' title='bbox 563 1469 646 1520; x_wconf 83' lang='grc' dir='ltr'><em>καὶ</em></span> <span class='ocrx_word' id='word_1_115' title='bbox 683 1490 740 1520; x_wconf 92' lang='grc' dir='ltr'><em>τα</em></span> <span class='ocrx_word' id='word_1_116' title='bbox 781 1467 901 1521; x_wconf 72' lang='grc' dir='ltr'><em>ἅλλα</em></span> <span class='ocrx_word' id='word_1_117' title='bbox 941 1468 1086 1538; x_wconf 92' lang='grc' dir='ltr'><em>μόρια</em></span> <span class='ocrx_word' id='word_1_118' title='bbox 1124 1475 1209 1522; x_wconf 84' lang='grc' dir='ltr'><em>τοῦ</em></span> <span class='ocrx_word' id='word_1_119' title='bbox 1249 1468 1482 1536; x_wconf 80' lang='grc' dir='ltr'><em>σώματος,</em></span> <span class='ocrx_word' id='word_1_120' title='bbox 1523 1491 1680 1532; x_wconf 86' lang='grc' dir='ltr'><em>ουτως</em></span> <span class='ocrx_word' id='word_1_121' title='bbox 1710 1470 1793 1522; x_wconf 86' lang='grc' dir='ltr'><em>καὶ</em></span> <span class='ocrx_word' id='word_1_122' title='bbox 1818 1485 1859 1518; x_wconf 87' lang='grc'><em>15</em></span> 
     </span>
     <span class='ocr_line' id='line_1_17' title="bbox 105 1548 1793 1627; baseline 0.001 -25"><span class='ocrx_word' id='word_1_123' title='bbox 105 1572 138 1627; x_wconf 81' lang='grc' dir='ltr'><em>η</em></span> <span class='ocrx_word' id='word_1_124' title='bbox 178 1548 333 1617; x_wconf 83' lang='grc' dir='ltr'><em>μήτρα</em></span> <span class='ocrx_word' id='word_1_125' title='bbox 374 1552 524 1603; x_wconf 79' lang='grc' dir='ltr'><em>ἐνίοτε</em></span> <span class='ocrx_word' id='word_1_126' title='bbox 563 1548 737 1603; x_wconf 85' lang='grc' dir='ltr'><em>ατονεῖ.</em></span> <span class='ocrx_word' id='word_1_127' title='bbox 798 1550 1062 1619; x_wconf 83' lang='grc' dir='ltr'><em>παρέπεται</em></span> <span class='ocrx_word' id='word_1_128' title='bbox 1101 1550 1154 1602; x_wconf 81' lang='grc' dir='ltr'><em>δὲ</em></span> <span class='ocrx_word' id='word_1_129' title='bbox 1191 1557 1295 1612; x_wconf 85' lang='grc' dir='ltr'><em>ταῖς</em></span> <span class='ocrx_word' id='word_1_130' title='bbox 1333 1549 1577 1613; x_wconf 85' lang='grc' dir='ltr'><em>τοιαύταις</em></span> <span class='ocrx_word' id='word_1_131' title='bbox 1617 1568 1793 1603; x_wconf 91' lang='grc' dir='ltr'><em>συνου-</em></span> 
     </span>
     <span class='ocr_line' id='line_1_18' title="bbox 105 1626 1793 1700; baseline 0.001 -18"><span class='ocrx_word' id='word_1_132' title='bbox 105 1633 212 1693; x_wconf 89' lang='grc' dir='ltr'><em>σίας</em></span> <span class='ocrx_word' id='word_1_133' title='bbox 235 1626 543 1699; x_wconf 81' lang='grc' dir='ltr'><em>αποστροφή,</em></span> <span class='ocrx_word' id='word_1_134' title='bbox 568 1633 775 1699; x_wconf 77' lang='grc' dir='ltr'><em>ἔκκρισις</em></span> <span class='ocrx_word' id='word_1_135' title='bbox 806 1653 1114 1700; x_wconf 81' lang='grc' dir='ltr'><em>πνευματων,</em></span> <span class='ocrx_word' id='word_1_136' title='bbox 1145 1629 1449 1698; x_wconf 86' lang='grc' dir='ltr'><em>πλεονασμὸς</em></span> <span class='ocrx_word' id='word_1_137' title='bbox 1478 1635 1793 1699; x_wconf 87' lang='grc' dir='ltr'><em>καταμηνίων</em></span> 
     </span>
     <span class='ocr_line' id='line_1_19' title="bbox 106 1709 1792 1780; baseline 0.002 -18"><span class='ocrx_word' id='word_1_138' title='bbox 106 1712 181 1773; x_wconf 84' lang='grc' dir='ltr'><em>δὶς</em></span> <span class='ocrx_word' id='word_1_139' title='bbox 233 1709 266 1778; x_wconf 76' lang='grc' dir='ltr'><em>ἢ</em></span> <span class='ocrx_word' id='word_1_140' title='bbox 322 1713 422 1780; x_wconf 88' lang='grc' dir='ltr'><em>τρὶς</em></span> <span class='ocrx_word' id='word_1_141' title='bbox 476 1713 876 1780; x_wconf 79' lang='grc' dir='ltr'><em>ἐπιφαινομένων</em></span> <span class='ocrx_word' id='word_1_142' title='bbox 927 1719 1014 1766; x_wconf 84' lang='grc' dir='ltr'><em>τοῦ</em></span> <span class='ocrx_word' id='word_1_143' title='bbox 1076 1710 1231 1780; x_wconf 89' lang='grc' dir='ltr'><em>μηνὸς</em></span> <span class='ocrx_word' id='word_1_144' title='bbox 1292 1710 1508 1775; x_wconf 83' lang='grc' dir='ltr'><em>ἆτακτως</em></span> <span class='ocrx_word' id='word_1_145' title='bbox 1569 1712 1792 1780; x_wconf 84' lang='grc' dir='ltr'><em>μελανων</em></span> 
     </span>
     <span class='ocr_line' id='line_1_20' title="bbox 105 1790 1791 1892; baseline 0.001 -48"><span class='ocrx_word' id='word_1_146' title='bbox 105 1790 397 1859; x_wconf 81' lang='grc' dir='ltr'><em>ὗδατωδῶν,</em></span> <span class='ocrx_word' id='word_1_147' title='bbox 444 1791 713 1860; x_wconf 80' lang='grc' dir='ltr'><em>ἆκρατησία</em></span> <span class='ocrx_word' id='word_1_148' title='bbox 757 1800 845 1847; x_wconf 84' lang='grc' dir='ltr'><em>τοῦ</em></span> <span class='ocrx_word' id='word_1_149' title='bbox 892 1795 1174 1862; x_wconf 85' lang='grc' dir='ltr'><em>σπέρματος.</em></span> <span class='ocrx_word' id='word_1_150' title='bbox 1251 1795 1386 1860; x_wconf 86' lang='grc' dir='ltr'><em>ε’κρεῖ</em></span> <span class='ocrx_word' id='word_1_151' title='bbox 1415 1791 1507 1862; x_wconf 80' lang='grc' dir='ltr'><em>γὰρ</em></span> <span class='ocrx_word' id='word_1_152' title='bbox 1546 1792 1663 1892; x_wconf 75' lang='grc' dir='ltr'><em>μετὰ</em></span> <span class='ocrx_word' id='word_1_153' title='bbox 1701 1792 1791 1862; x_wconf 85' lang='grc' dir='ltr'><em>τὴν</em></span> 
     </span>
     <span class='ocr_line' id='line_1_21' title="bbox 105 1871 1858 1944; baseline 0.001 -19"><span class='ocrx_word' id='word_1_154' title='bbox 105 1877 376 1926; x_wconf 86' lang='grc' dir='ltr'><em>συνουσίαν</em></span> <span class='ocrx_word' id='word_1_155' title='bbox 415 1871 493 1935; x_wconf 81' lang='grc' dir='ltr'><em>αἷς</em></span> <span class='ocrx_word' id='word_1_156' title='bbox 532 1874 621 1941; x_wconf 79' lang='grc' dir='ltr'><em>μὲν</em></span> <span class='ocrx_word' id='word_1_157' title='bbox 660 1873 834 1941; x_wconf 74' lang='grc' dir='ltr'><em>εὐθύς,</em></span> <span class='ocrx_word' id='word_1_158' title='bbox 875 1873 954 1938; x_wconf 85' lang='grc' dir='ltr'><em>αἷς</em></span> <span class='ocrx_word' id='word_1_159' title='bbox 993 1875 1046 1927; x_wconf 84' lang='grc' dir='ltr'><em>δε</em></span> <span class='ocrx_word' id='word_1_160' title='bbox 1086 1873 1200 1942; x_wconf 76' lang='grc' dir='ltr'><em>μετὰ</em></span> <span class='ocrx_word' id='word_1_161' title='bbox 1239 1871 1422 1943; x_wconf 78' lang='grc' dir='ltr'><em>ἡμέρας</em></span> <span class='ocrx_word' id='word_1_162' title='bbox 1458 1873 1592 1937; x_wconf 71' lang='grc' dir='ltr'><em>τινας</em></span> <span class='ocrx_word' id='word_1_163' title='bbox 1625 1873 1791 1944; x_wconf 81' lang='grc' dir='ltr'><em>ὀλίγον</em></span> <span class='ocrx_word' id='word_1_164' title='bbox 1814 1891 1858 1923; x_wconf 84' lang='lat'><em>20</em></span> 
     </span>
    </p>
   </div>
   <div class='ocr_carea' id='block_1_5' title="bbox 105 1999 1791 2355">
    <p class='ocr_par' dir='ltr' id='par_1_5' title="bbox 105 1999 1791 2355">
     <span class='ocr_line' id='line_1_22' title="bbox 227 1999 1789 2076; baseline 0.002 -30"><span class='ocrx_word' id='word_1_165' title='bbox 227 2007 252 2046; x_wconf 98' lang='grc'>2</span> <span class='ocrx_word' id='word_1_166' title='bbox 287 1999 593 2076; x_wconf 80' lang='grc' dir='ltr'><em>σκληρότερον</em></span> <span class='ocrx_word' id='word_1_167' title='bbox 627 2018 650 2048; x_wconf 86' lang='lat' dir='ltr'>c</span> <span class='ocrx_word' id='word_1_168' title='bbox 683 2003 758 2059; x_wconf 85' lang='lat' dir='ltr'><strong>(cf.</strong></span> <span class='ocrx_word' id='word_1_169' title='bbox 793 2003 893 2050; x_wconf 85' lang='lat' dir='ltr'>Gal.</span> <span class='ocrx_word' id='word_1_170' title='bbox 926 2005 1048 2059; x_wconf 90' lang='lat' dir='ltr'>VIII,</span> <span class='ocrx_word' id='word_1_171' title='bbox 1075 2007 1199 2061; x_wconf 84' lang='lat'>689):</span> <span class='ocrx_word' id='word_1_172' title='bbox 1234 2000 1502 2074; x_wconf 83' lang='grc' dir='ltr'><em>κιρρότερον</em></span> <span class='ocrx_word' id='word_1_173' title='bbox 1535 2006 1640 2049; x_wconf 73' lang='lat' dir='ltr'><strong>Aet.</strong></span> <span class='ocrx_word' id='word_1_174' title='bbox 1763 2011 1789 2049; x_wconf 89' lang='lat'><strong>3</strong></span> 
     </span>
     <span class='ocr_line' id='line_1_23' title="bbox 105 2057 1790 2121; baseline 0.001 -17"><span class='ocrx_word' id='word_1_175' title='bbox 105 2057 246 2118; x_wconf 72' lang='grc' dir='ltr'><em>μήτεε</em></span> <span class='ocrx_word' id='word_1_176' title='bbox 281 2057 400 2118; x_wconf 88' lang='grc' dir='ltr'><em>μὴδε</em></span> <span class='ocrx_word' id='word_1_177' title='bbox 434 2075 471 2106; x_wconf 84' lang='lat' dir='ltr'><em>c.</em></span> <span class='ocrx_word' id='word_1_178' title='bbox 564 2064 807 2118; x_wconf 84' lang='grc' dir='ltr'><em>ζωγραφία</em></span> <span class='ocrx_word' id='word_1_179' title='bbox 840 2078 885 2107; x_wconf 85' lang='lat' dir='ltr'><em>c:</em></span> <span class='ocrx_word' id='word_1_180' title='bbox 918 2080 1016 2114; x_wconf 77' lang='grc' dir='ltr'><em>-αις</em></span> <span class='ocrx_word' id='word_1_181' title='bbox 1031 2065 1136 2108; x_wconf 78' lang='lat' dir='ltr'><strong>Aet.</strong></span> <span class='ocrx_word' id='word_1_182' title='bbox 1228 2068 1256 2107; x_wconf 98' lang='grc'>4</span> <span class='ocrx_word' id='word_1_183' title='bbox 1287 2060 1401 2121; x_wconf 87' lang='grc' dir='ltr'><em>μήτε</em></span> <span class='ocrx_word' id='word_1_184' title='bbox 1434 2062 1542 2119; x_wconf 87' lang='grc' dir='ltr'><em>περὶ</em></span> <span class='ocrx_word' id='word_1_185' title='bbox 1572 2061 1682 2114; x_wconf 82' lang='grc' dir='ltr'><em>τοὺς</em></span> <span class='ocrx_word' id='word_1_186' title='bbox 1698 2064 1790 2107; x_wconf 83' lang='grc' dir='ltr'><em>τῶν</em></span> 
     </span>
     <span class='ocr_line' id='line_1_24' title="bbox 108 2116 1791 2190; baseline 0.001 -26"><span class='ocrx_word' id='word_1_187' title='bbox 108 2120 385 2190; x_wconf 81' lang='grc' dir='ltr'><em>συμπλοκῶν</em></span> <span class='ocrx_word' id='word_1_188' title='bbox 431 2116 599 2176; x_wconf 81' lang='grc' dir='ltr'><em>λόγους</em></span> <span class='ocrx_word' id='word_1_189' title='bbox 645 2122 937 2178; x_wconf 80' lang='grc' dir='ltr'><em>διηγεῖσθαι,</em></span> <span class='ocrx_word' id='word_1_190' title='bbox 986 2118 1106 2178; x_wconf 77' lang='grc' dir='ltr'><em>μὴδὲ</em></span> <span class='ocrx_word' id='word_1_191' title='bbox 1154 2138 1264 2173; x_wconf 87' lang='grc' dir='ltr'><em>τους</em></span> <span class='ocrx_word' id='word_1_192' title='bbox 1308 2121 1529 2190; x_wconf 82' lang='grc' dir='ltr'><em>περὶτῆς</em></span> <span class='ocrx_word' id='word_1_193' title='bbox 1559 2117 1791 2173; x_wconf 74' lang='grc' dir='ltr'><em>ἀπουσίας</em></span> 
     </span>
     <span class='ocr_line' id='line_1_25' title="bbox 106 2175 1791 2248; baseline 0.001 -26"><span class='ocrx_word' id='word_1_194' title='bbox 106 2175 274 2234; x_wconf 80' lang='grc' dir='ltr'><em>λόγους</em></span> <span class='ocrx_word' id='word_1_195' title='bbox 304 2180 531 2223; x_wconf 74' lang='grc' dir='ltr'><em>τίθεσθαι</em></span> <span class='ocrx_word' id='word_1_196' title='bbox 564 2193 588 2223; x_wconf 87' lang='lat' dir='ltr'>c</span> <span class='ocrx_word' id='word_1_197' title='bbox 623 2181 696 2236; x_wconf 84' lang='lat' dir='ltr'><em>(ex</em></span> <span class='ocrx_word' id='word_1_198' title='bbox 727 2179 942 2238; x_wconf 61' lang='lat' dir='ltr'><em>diffisogr„</em></span> <span class='ocrx_word' id='word_1_199' title='bbox 992 2181 1049 2225; x_wconf 88' lang='lat' dir='ltr'><em>cf.</em></span> <span class='ocrx_word' id='word_1_200' title='bbox 1081 2180 1186 2225; x_wconf 76' lang='lat' dir='ltr'><strong>Aet.</strong></span> <span class='ocrx_word' id='word_1_201' title='bbox 1226 2179 1344 2237; x_wconf 79' lang='grc' dir='ltr'><em>μηδὲ</em></span> <span class='ocrx_word' id='word_1_202' title='bbox 1385 2177 1496 2231; x_wconf 80' lang='grc' dir='ltr'><em>τούς</em></span> <span class='ocrx_word' id='word_1_203' title='bbox 1527 2180 1642 2248; x_wconf 79' lang='grc' dir='ltr'><em>περὶ</em></span> <span class='ocrx_word' id='word_1_204' title='bbox 1682 2195 1791 2224; x_wconf 86' lang='grc' dir='ltr'><em>συν-</em></span> 
     </span>
     <span class='ocr_line' id='line_1_26' title="bbox 108 2235 1791 2295; baseline 0.002 -14"><span class='ocrx_word' id='word_1_205' title='bbox 108 2239 268 2288; x_wconf 86' lang='grc' dir='ltr'><em>ουσίας</em></span> <span class='ocrx_word' id='word_1_206' title='bbox 299 2235 466 2294; x_wconf 85' lang='grc' dir='ltr'><em>λόγους</em></span> <span class='ocrx_word' id='word_1_207' title='bbox 496 2239 723 2283; x_wconf 79' lang='grc' dir='ltr'><em>τίθεσθαι</em></span> <span class='ocrx_word' id='word_1_208' title='bbox 756 2239 804 2283; x_wconf 68' lang='lat' dir='ltr'><em>et</em></span> <span class='ocrx_word' id='word_1_209' title='bbox 834 2238 1028 2284; x_wconf 71' lang='lat' dir='ltr'>1at.nec</span> <span class='ocrx_word' id='word_1_210' title='bbox 1058 2240 1112 2284; x_wconf 83' lang='lat' dir='ltr'><em>de</em></span> <span class='ocrx_word' id='word_1_211' title='bbox 1139 2241 1354 2295; x_wconf 78' lang='lat' dir='ltr'><strong><em>partibus</em></strong></span> <span class='ocrx_word' id='word_1_212' title='bbox 1382 2240 1576 2284; x_wconf 72' lang='lat' dir='ltr'><em>veneriis</em></span> <span class='ocrx_word' id='word_1_213' title='bbox 1605 2241 1791 2294; x_wconf 81' lang='lat' dir='ltr'><em>fabulae</em></span> 
     </span>
     <span class='ocr_line' id='line_1_27' title="bbox 105 2294 1787 2355; baseline 0.002 -15"><span class='ocrx_word' id='word_1_214' title='bbox 105 2310 208 2341; x_wconf 81' lang='lat' dir='ltr'><em>cum</em></span> <span class='ocrx_word' id='word_1_215' title='bbox 237 2298 352 2353; x_wconf 78' lang='lat' dir='ltr'><em>ipsis</em></span> <span class='ocrx_word' id='word_1_216' title='bbox 382 2298 691 2354; x_wconf 74' lang='lat' dir='ltr'><strong><em>misceantur).</em></strong></span> <span class='ocrx_word' id='word_1_217' title='bbox 816 2303 841 2342; x_wconf 89' lang='lat'><strong>6</strong></span> <span class='ocrx_word' id='word_1_218' title='bbox 875 2294 1046 2355; x_wconf 83' lang='grc' dir='ltr'><em>ὁμοίως</em></span> <span class='ocrx_word' id='word_1_219' title='bbox 1076 2298 1205 2342; x_wconf 44' lang='lat' dir='ltr'>Aeta:</span> <span class='ocrx_word' id='word_1_220' title='bbox 1239 2315 1318 2349; x_wconf 86' lang='grc' dir='ltr'><em>-ας</em></span> <span class='ocrx_word' id='word_1_221' title='bbox 1343 2311 1381 2342; x_wconf 84' lang='lat' dir='ltr'><em>c.</em></span> <span class='ocrx_word' id='word_1_222' title='bbox 1506 2304 1529 2342; x_wconf 83' lang='lat'><strong>7</strong></span> <span class='ocrx_word' id='word_1_223' title='bbox 1562 2300 1718 2355; x_wconf 81' lang='grc' dir='ltr'><em>τρίψει</em></span> <span class='ocrx_word' id='word_1_224' title='bbox 1750 2314 1787 2343; x_wconf 84' lang='lat' dir='ltr'><em>c.</em></span> 
     </span>
    </p>
   </div>
   <div class='ocr_carea' id='block_1_6' title="bbox 103 2356 1790 2602">
    <p class='ocr_par' dir='ltr' id='par_1_6' title="bbox 103 2356 1790 2591">
     <span class='ocr_line' id='line_1_28' title="bbox 166 2356 1790 2425; baseline 0.002 -27"><span class='ocrx_word' id='word_1_225' title='bbox 166 2361 218 2399; x_wconf 87' lang='grc'><em>11</em></span> <span class='ocrx_word' id='word_1_226' title='bbox 252 2356 766 2425; x_wconf 74' lang='grc' dir='ltr'><em>διαλείμματος-(13)</em></span> <span class='ocrx_word' id='word_1_227' title='bbox 793 2356 1097 2414; x_wconf 84' lang='grc' dir='ltr'><em>μετενεκτέον</em></span> <span class='ocrx_word' id='word_1_228' title='bbox 1130 2370 1219 2401; x_wconf 88' lang='lat' dir='ltr'><em>om.</em></span> <span class='ocrx_word' id='word_1_229' title='bbox 1245 2359 1349 2402; x_wconf 70' lang='lat' dir='ltr'><strong>Aet.</strong></span> <span class='ocrx_word' id='word_1_230' title='bbox 1469 2373 1528 2401; x_wconf 85' lang='grc' dir='ltr'><em>τα</em></span> <span class='ocrx_word' id='word_1_231' title='bbox 1559 2358 1790 2412; x_wconf 83' lang='grc' dir='ltr'><em>τονοῦντα</em></span> 
     </span>
     <span class='ocr_line' id='line_1_29' title="bbox 103 2412 1788 2485; baseline 0.001 -27"><span class='ocrx_word' id='word_1_232' title='bbox 103 2413 185 2458; x_wconf 81' lang='grc' dir='ltr'><em>καὶ</em></span> <span class='ocrx_word' id='word_1_233' title='bbox 215 2412 642 2485; x_wconf 79' lang='grc' dir='ltr'><em>μετάσυγκρίνοντα</em></span> <span class='ocrx_word' id='word_1_234' title='bbox 685 2429 708 2459; x_wconf 86' lang='lat' dir='ltr'>c</span> <span class='ocrx_word' id='word_1_235' title='bbox 742 2419 875 2485; x_wconf 83' lang='lat' dir='ltr'>(corr.</span> <span class='ocrx_word' id='word_1_236' title='bbox 907 2416 978 2473; x_wconf 88' lang='lat' dir='ltr'><em>E).</em></span> <span class='ocrx_word' id='word_1_237' title='bbox 1162 2421 1215 2460; x_wconf 89' lang='grc'><em>12</em></span> <span class='ocrx_word' id='word_1_238' title='bbox 1257 2433 1322 2460; x_wconf 89' lang='grc' dir='ltr'><em>ων</em></span> <span class='ocrx_word' id='word_1_239' title='bbox 1353 2416 1416 2460; x_wconf 93' lang='lat' dir='ltr'><em>D:</em></span> <span class='ocrx_word' id='word_1_240' title='bbox 1450 2412 1511 2466; x_wconf 79' lang='grc' dir='ltr'><em>ὡς</em></span> <span class='ocrx_word' id='word_1_241' title='bbox 1542 2431 1579 2460; x_wconf 81' lang='lat' dir='ltr'><em>c.</em></span> <span class='ocrx_word' id='word_1_242' title='bbox 1734 2422 1788 2461; x_wconf 87' lang='grc'><em>16</em></span> 
     </span>
     <span class='ocr_line' id='line_1_30' title="bbox 105 2471 1790 2545; baseline 0.001 -27"><span class='ocrx_word' id='word_1_243' title='bbox 105 2474 214 2529; x_wconf 70' lang='lat' dir='ltr'>post</span> <span class='ocrx_word' id='word_1_244' title='bbox 242 2471 486 2525; x_wconf 81' lang='grc' dir='ltr'><em>τοιαύταις</em></span> <span class='ocrx_word' id='word_1_245' title='bbox 516 2474 620 2518; x_wconf 85' lang='lat' dir='ltr'>add.</span> <span class='ocrx_word' id='word_1_246' title='bbox 653 2471 946 2531; x_wconf 85' lang='grc' dir='ltr'><em>πασχούσαις</em></span> <span class='ocrx_word' id='word_1_247' title='bbox 978 2476 1052 2531; x_wconf 86' lang='lat' dir='ltr'><em>(ex</em></span> <span class='ocrx_word' id='word_1_248' title='bbox 1081 2475 1205 2531; x_wconf 80' lang='lat' dir='ltr'><strong>Aet.)</strong></span> <span class='ocrx_word' id='word_1_249' title='bbox 1237 2489 1274 2520; x_wconf 87' lang='lat' dir='ltr'><em>c.</em></span> <span class='ocrx_word' id='word_1_250' title='bbox 1443 2480 1497 2520; x_wconf 89' lang='lat'><em>18</em></span> <span class='ocrx_word' id='word_1_251' title='bbox 1530 2475 1613 2519; x_wconf 85' lang='grc' dir='ltr'><em>τοῦ</em></span> <span class='ocrx_word' id='word_1_252' title='bbox 1646 2472 1790 2545; x_wconf 88' lang='grc' dir='ltr'><em>μηνὸς</em></span> 
     </span>
     <span class='ocr_line' id='line_1_31' title="bbox 105 2529 1786 2602; baseline 0.002 -27"><span class='ocrx_word' id='word_1_253' title='bbox 105 2531 172 2576; x_wconf 80' lang='lat' dir='ltr'><em>sio</em></span> <span class='ocrx_word' id='word_1_254' title='bbox 202 2534 311 2587; x_wconf 70' lang='lat' dir='ltr'><strong>post</strong></span> <span class='ocrx_word' id='word_1_255' title='bbox 343 2529 473 2602; x_wconf 82' lang='grc' dir='ltr'><em>έπιφ.</em></span> <span class='ocrx_word' id='word_1_256' title='bbox 508 2547 545 2577; x_wconf 79' lang='lat' dir='ltr'><em>c.</em></span> <span class='ocrx_word' id='word_1_257' title='bbox 689 2539 746 2578; x_wconf 89' lang='grc'><em>20</em></span> <span class='ocrx_word' id='word_1_258' title='bbox 777 2535 884 2591; x_wconf 65' lang='lat' dir='ltr'>post</span> <span class='ocrx_word' id='word_1_259' title='bbox 913 2533 1168 2578; x_wconf 82' lang='grc' dir='ltr'><em>συνουσίαν</em></span> <span class='ocrx_word' id='word_1_260' title='bbox 1201 2548 1257 2578; x_wconf 85' lang='lat' dir='ltr'><em>ex</em></span> <span class='ocrx_word' id='word_1_261' title='bbox 1286 2535 1389 2578; x_wconf 69' lang='lat' dir='ltr'>Aeb.</span> <span class='ocrx_word' id='word_1_262' title='bbox 1423 2534 1527 2578; x_wconf 82' lang='lat' dir='ltr'><strong>add.</strong></span> <span class='ocrx_word' id='word_1_263' title='bbox 1563 2548 1586 2578; x_wconf 81' lang='grc' dir='ltr'><em>ο</em></span> <span class='ocrx_word' id='word_1_264' title='bbox 1618 2534 1700 2578; x_wconf 82' lang='grc' dir='ltr'><em>καὶ</em></span> <span class='ocrx_word' id='word_1_265' title='bbox 1731 2531 1786 2579; x_wconf 79' lang='grc' dir='ltr'><em>οὐ</em></span> 
     </span>
    </p>
   </div>
   <div class='ocr_carea' id='block_1_7' title="bbox 103 2588 1788 2886">
    <p class='ocr_par' dir='ltr' id='par_1_7' title="bbox 103 2588 1788 2886">
     <span class='ocr_line' id='line_1_32' title="bbox 103 2588 1787 2660; baseline 0.002 -26"><span class='ocrx_word' id='word_1_266' title='bbox 103 2589 353 2660; x_wconf 75' lang='grc' dir='ltr'><em>κατέχουσι</em></span> <span class='ocrx_word' id='word_1_267' title='bbox 383 2589 435 2635; x_wconf 88' lang='grc' dir='ltr'><em>τὸ</em></span> <span class='ocrx_word' id='word_1_268' title='bbox 468 2590 878 2649; x_wconf 82' lang='grc' dir='ltr'><em>καταβαλλόμενον</em></span> <span class='ocrx_word' id='word_1_269' title='bbox 911 2591 1093 2650; x_wconf 86' lang='grc' dir='ltr'><em>σπέρμα</em></span> <span class='ocrx_word' id='word_1_270' title='bbox 1124 2594 1208 2637; x_wconf 84' lang='grc' dir='ltr'><em>τοῦ</em></span> <span class='ocrx_word' id='word_1_271' title='bbox 1241 2588 1418 2649; x_wconf 85' lang='grc' dir='ltr'><em>ανδρὸς</em></span> <span class='ocrx_word' id='word_1_272' title='bbox 1442 2589 1544 2636; x_wconf 83' lang='grc' dir='ltr'><em>αλλ’</em></span> <span class='ocrx_word' id='word_1_273' title='bbox 1566 2589 1787 2649; x_wconf 83' lang='grc' dir='ltr'><em>ευπορεῖν</em></span> 
     </span>
     <span class='ocr_line' id='line_1_33' title="bbox 106 2646 1786 2707; baseline 0.002 -14"><span class='ocrx_word' id='word_1_274' title='bbox 106 2665 220 2706; x_wconf 85' lang='grc' dir='ltr'><em>μετα</em></span> <span class='ocrx_word' id='word_1_275' title='bbox 261 2646 346 2705; x_wconf 85' lang='grc' dir='ltr'><em>τὴν</em></span> <span class='ocrx_word' id='word_1_276' title='bbox 384 2653 637 2695; x_wconf 86' lang='grc' dir='ltr'><em>συνουσίαν</em></span> <span class='ocrx_word' id='word_1_277' title='bbox 677 2652 775 2707; x_wconf 87' lang='lat' dir='ltr'><strong>(ubi</strong></span> <span class='ocrx_word' id='word_1_278' title='bbox 813 2652 978 2696; x_wconf 79' lang='lat' dir='ltr'><strong>deinde</strong></span> <span class='ocrx_word' id='word_1_279' title='bbox 1019 2652 1085 2697; x_wconf 83' lang='lat' dir='ltr'><em>sic</em></span> <span class='ocrx_word' id='word_1_280' title='bbox 1123 2652 1174 2696; x_wconf 90' lang='lat' dir='ltr'><em>in</em></span> <span class='ocrx_word' id='word_1_281' title='bbox 1211 2652 1398 2698; x_wconf 83' lang='lat' dir='ltr'>brevius</span> <span class='ocrx_word' id='word_1_282' title='bbox 1439 2653 1677 2697; x_wconf 79' lang='lat' dir='ltr'>contracta</span> <span class='ocrx_word' id='word_1_283' title='bbox 1720 2653 1786 2696; x_wconf 88' lang='lat' dir='ltr'><em>le-</em></span> 
     </span>
     <span class='ocr_line' id='line_1_34' title="bbox 104 2707 1788 2783; baseline 0.001 -31"><span class='ocrx_word' id='word_1_284' title='bbox 104 2710 278 2779; x_wconf 66' lang='lat' dir='ltr'>gunfiur</span> <span class='ocrx_word' id='word_1_285' title='bbox 307 2722 426 2764; x_wconf 82' lang='lat' dir='ltr'>quae</span> <span class='ocrx_word' id='word_1_286' title='bbox 458 2724 551 2783; x_wconf 84' lang='lat' dir='ltr'>seq.</span> <span class='ocrx_word' id='word_1_287' title='bbox 585 2711 721 2780; x_wconf 85' lang='lat' dir='ltr'>apud</span> <span class='ocrx_word' id='word_1_288' title='bbox 741 2710 838 2755; x_wconf 86' lang='lat' dir='ltr'><strong>Sor.</strong></span> <span class='ocrx_word' id='word_1_289' title='bbox 873 2709 947 2762; x_wconf 85' lang='grc' dir='ltr'><em>αἷς</em></span> <span class='ocrx_word' id='word_1_290' title='bbox 979 2710 1066 2769; x_wconf 75' lang='grc' dir='ltr'><em>μὲν</em></span> <span class='ocrx_word' id='word_1_291' title='bbox 1100 2707 1251 2762; x_wconf 75' lang='grc' dir='ltr'><em>εὐθὺς</em></span> <span class='ocrx_word' id='word_1_292' title='bbox 1282 2709 1357 2762; x_wconf 79' lang='grc' dir='ltr'><em>αἷς</em></span> <span class='ocrx_word' id='word_1_293' title='bbox 1390 2710 1442 2756; x_wconf 79' lang='grc' dir='ltr'><em>δὲ</em></span> <span class='ocrx_word' id='word_1_294' title='bbox 1462 2707 1585 2781; x_wconf 80' lang='grc' dir='ltr'><em>μετὰ</em></span> <span class='ocrx_word' id='word_1_295' title='bbox 1610 2707 1788 2767; x_wconf 84' lang='grc' dir='ltr'><em>ἡμέρας</em></span> 
     </span>
     <span class='ocr_line' id='line_1_35' title="bbox 105 2765 1727 2842; baseline 0.001 -32"><span class='ocrx_word' id='word_1_296' title='bbox 105 2784 248 2818; x_wconf 89' lang='grc' dir='ltr'><em>τινας.</em></span> <span class='ocrx_word' id='word_1_297' title='bbox 296 2784 420 2819; x_wconf 84' lang='grc' dir='ltr'><em>τινες</em></span> <span class='ocrx_word' id='word_1_298' title='bbox 451 2766 504 2813; x_wconf 88' lang='grc' dir='ltr'><em>δε</em></span> <span class='ocrx_word' id='word_1_299' title='bbox 536 2770 644 2840; x_wconf 81' lang='grc' dir='ltr'><em>περὶ</em></span> <span class='ocrx_word' id='word_1_300' title='bbox 674 2765 758 2814; x_wconf 81' lang='grc' dir='ltr'><em>τὸν</em></span> <span class='ocrx_word' id='word_1_301' title='bbox 789 2771 945 2825; x_wconf 85' lang='grc' dir='ltr'><em>τρίτον</em></span> <span class='ocrx_word' id='word_1_302' title='bbox 978 2772 1104 2827; x_wconf 87' lang='grc' dir='ltr'><em>μῆνα</em></span> <span class='ocrx_word' id='word_1_303' title='bbox 1122 2772 1392 2842; x_wconf 80' lang='grc' dir='ltr'><em>φθείρουσι</em></span> <span class='ocrx_word' id='word_1_304' title='bbox 1423 2787 1480 2814; x_wconf 87' lang='grc' dir='ltr'><em>τα</em></span> <span class='ocrx_word' id='word_1_305' title='bbox 1515 2768 1727 2826; x_wconf 77' lang='grc' dir='ltr'><em>ἔμβρυα).</em></span> 
     </span>
     <span class='ocr_line' id='line_1_36' title="bbox 106 2820 1586 2886; baseline 0.002 -17"><span class='ocrx_word' id='word_1_306' title='bbox 106 2820 270 2883; x_wconf 82' lang='grc' dir='ltr'><em>ὀλίγως</em></span> <span class='ocrx_word' id='word_1_307' title='bbox 301 2841 337 2872; x_wconf 86' lang='lat' dir='ltr'><em>c.</em></span> <span class='ocrx_word' id='word_1_308' title='bbox 460 2832 516 2871; x_wconf 91' lang='grc'><em>20</em></span> <span class='ocrx_word' id='word_1_309' title='bbox 549 2823 706 2885; x_wconf 79' lang='grc' dir='ltr'><em>ὀλίγον</em></span> <span class='ocrx_word' id='word_1_310' title='bbox 730 2854 786 2862; x_wconf 91' lang='lat'><em>—-</em></span> <span class='ocrx_word' id='word_1_311' title='bbox 813 2830 875 2886; x_wconf 85' lang='lat' dir='ltr'><em>(p.</em></span> <span class='ocrx_word' id='word_1_312' title='bbox 901 2834 1002 2886; x_wconf 88' lang='grc'>344,</span> <span class='ocrx_word' id='word_1_313' title='bbox 1031 2831 1074 2886; x_wconf 83' lang='lat'><em>7)</em></span> <span class='ocrx_word' id='word_1_314' title='bbox 1107 2826 1329 2884; x_wconf 77' lang='grc' dir='ltr'><em>ἄπότεξις</em></span> <span class='ocrx_word' id='word_1_315' title='bbox 1360 2828 1586 2874; x_wconf 81' lang='lat' dir='ltr'>om.Ae1:</span> 
     </span>
    </p>
   </div>
  </div>
 </body>
</html>
