2014 3162
874 126 1236 179 -42—

99 264 192 319 (38)
331 258 450 311 125.
514 260 718 318 Quando
767 267 816 310 et
865 261 1110 326 quomodo
1159 261 1218 311 ad
1267 261 1538 311 sedendum
1584 261 1898 311 collocandus

218 342 294 384 est
332 335 507 384 infans

327 424 440 458 cum
480 409 810 474 coagulaverit
850 416 899 458 et
938 408 998 457 ad
1038 408 1309 458 sedendum
1350 424 1402 458 se
1442 409 1752 473 frequentius
1793 423 1898 458 ere-

214 485 365 548 xerit,
414 484 483 531 ita
532 489 589 532 ut
639 484 687 533 in
736 497 912 547 gyrum
961 484 1243 532 stramentis
1292 497 1406 532 eum
1454 489 1688 546 contegas
1729 489 1778 531 et
1818 480 1901 530 ob-

170 567 192 600 5
218 556 379 606 volvas
429 556 561 622 quod
611 571 723 606 eum
764 558 1018 605 continere
1059 558 1238 621 possit,
1288 563 1337 605 et
1376 558 1443 604 ita
1481 563 1538 604 ut
1577 571 1676 604 non
1715 555 1903 605 diutius

217 633 377 695 primo
411 631 591 679 sedeat.

334 701 453 754 126.
496 703 752 761 Quomodo
793 703 1103 752 inducendus
1143 711 1220 753 est
1257 703 1419 753 infans
1459 699 1745 751 ambulare?

328 779 460 826 inter
501 784 748 842 quattuor,
787 779 1023 842 proiectis
1063 784 1175 827 ante
1217 793 1330 827 eum
1369 776 1614 842 aliquibus
1654 774 1805 825 rebus
1844 775 1904 825 ad

219 866 338 915 quas
377 853 639 915 pervenire
679 852 830 917 cupit,
870 858 1175 901 exerceatur.

153 937 193 968 10
331 922 450 974 127.
506 923 710 982 Quando
751 924 807 973 ad
849 924 1196 974 ambulandum
1236 924 1548 974 inducendus
1589 930 1664 973 est
1702 919 1903 973 infans?

329 1013 442 1048 cum
489 1005 647 1048 totum
699 1013 882 1048 annum
922 999 1241 1064 compleverit
1279 1006 1335 1048 ut
1373 998 1520 1047 etiam
1561 1005 1692 1047 stare
1731 998 1903 1063 possit,

219 1071 483 1136 erigendus
532 1078 606 1121 est
652 1074 812 1136 primo
859 1072 919 1121 ad
965 1075 1203 1138 parietem
1250 1079 1335 1122 aut
1383 1074 1434 1121 in
1482 1071 1650 1120 sellam
1691 1086 1814 1136 quae
1854 1073 1907 1120 in

217 1146 427 1211 pedibus
474 1152 608 1195 rotas
647 1145 795 1195 habet
835 1146 1170 1213 exponenduS‚
1221 1154 1278 1196 ut
1315 1146 1455 1212 lapsu
1501 1148 1608 1195 eius
1648 1146 1908 1195 adsuescat

219 1235 445 1285 gressum
485 1220 647 1268 facere
687 1226 737 1269 et
776 1219 1039 1270 ambulare.

103 1298 194 1352 (39)
338 1291 457 1343 128.
500 1292 705 1351 Quando
745 1294 983 1343 infantem
1024 1309 1050 1343 a
1089 1294 1214 1344 lacte
1255 1293 1501 1343 deducere
1541 1289 1817 1342 debemus?

154 1379 196 1410 16
332 1374 446 1431 post
485 1382 668 1416 annum
707 1373 758 1416 et
795 1382 992 1416 menses
1017 1367 1078 1415 VI
1103 1375 1188 1417 aut
1227 1367 1453 1432 suppleto
1493 1367 1707 1432 hienni0‚
1747 1367 1906 1416 denti-

216 1440 310 1490 bus
350 1443 446 1490 iam
487 1439 851 1490 abundantibus
892 1447 941 1490 et
973 1442 1127 1491 firmis
1159 1443 1244 1506 qui
1275 1443 1468 1506 possint
1498 1439 1904 1490 totumvsolidum

219 1514 385 1564 cibum
424 1514 659 1580 dividere,
698 1515 785 1563 sed
826 1522 875 1564 et
914 1514 1175 1579 diligenter
1215 1530 1329 1564 eum
1369 1514 1794 1564 commanducare.

335 1585 454 1638 129.
495 1587 601 1645 Qua
640 1588 899 1653 disciplina
936 1589 1174 1638 infantem
1214 1604 1240 1638 a
1279 1588 1403 1639 lacte
1445 1585 1770 1654 separamus?

151 1675 194 1707 20
334 1668 446 1711 ante
486 1676 670 1726 paucos
711 1662 815 1711 dies
854 1663 1150 1726 incipientes
1181 1662 1415 1728 paulatim
1447 1661 1614 1711 cibum
1645 1661 1825 1711 addere
1859 1667 1910 1710 et

219 1737 380 1785 rarius
434 1735 493 1784 ad
549 1735 711 1785 didam
765 1735 1009 1806 adplicare
1066 1743 1116 1786 et
1182 1738 1252 1785 sic
1315 1738 1364 1785 in
1420 1742 1578 1785 totum
1641 1737 1906 1784 novissime

218 1809 344 1859 lacte
384 1809 644 1873 denegare.
695 1809 806 1858 illae
847 1824 962 1858 vero
1004 1825 1127 1874 quae
1169 1825 1330 1858 amara
1354 1811 1580 1858 mammis
1603 1809 1800 1858 inlinire
1833 1823 1907 1858 so-

220 1882 324 1932 lent
361 1882 505 1932 nobis
543 1898 644 1931 non
682 1882 891 1947 placent.
1475 1899 1480 1904 ·

336 1954 454 2007 130.
495 1955 654 2013 Quem
693 1959 910 2021 primum
951 1956 1115 2006 cibum
1155 1958 1330 2006 infanti
1363 1956 1490 2006 adare
1531 1952 1804 2006 debemus?

338 2177 364 2216 3
401 2170 614 2227 Quagu(o
647 2171 852 2227 Dlaverit
885 2173 986 2227 (o‘m.
1021 2173 1144 2229 cum)
1179 2173 1241 2219 bl.
1393 2177 1421 2216 4
1453 2171 1522 2216 ita
1551 2173 1606 2216 ut,
1636 2173 1683 2216 b:
1732 2171 1770 2215 ὅσ
1801 2172 1855 2215 ut
1891 2171 1908 2216 l

221 2231 296 2286 (cf.
322 2234 410 2274 114
439 2244 479 2274 v.
497 2232 559 2286 4).
681 2235 707 2274 5
741 2231 788 2274 et
819 2231 903 2286 (vel
935 2231 1032 2287 sed)
1065 2244 1147 2276 om.
1182 2232 1223 2285 b,
1256 2233 1303 2275 et
1333 2230 1403 2275 ita
1430 2257 1484 2263 ——
1510 2231 1672 2276 sedeat
1701 2244 1783 2276 om.
1819 2231 1846 2274 l.

223 2294 247 2334 ‘1
281 2288 524 2334 ambulare
557 2290 604 2334 b:
647 2290 707 2334 ad
739 2290 1070 2333 ambulandum
1103 2291 1133 2334 l.
1256 2294 1283 2334 8
1314 2290 1435 2335 inter
1467 2291 1688 2347 quattuor
1719 2290 1821 2347 (sic)
1857 2289 1909 2334 bl

222 2351 298 2403 (sc.
330 2347 563 2404 parietes).
666 2354 691 2392 9
725 2348 853 2405 cupit
884 2349 985 2405 (εἰσ)
1019 2350 1083 2392 bl.
1188 2351 1490 2394 exerceantur
1523 2351 1562 2394 b.
1664 2353 1719 2393 10
1753 2348 1906 2402 Quan-

223 2408 304 2452 do:
339 2406 580 2460 Quomodo
614 2409 812 2464 (iterum)
845 2408 884 2464 b,
919 2406 1069 2460 Quom
1101 2408 1198 2464 (εἰσ,
1229 2412 1282 2452 ut
1306 2410 1460 2465 antea)
1487 2409 1514 2454 l.
1640 2413 1693 2452 12
1726 2407 1909 2465 pariete

222 2468 306 2523 (4ῑὲ
340 2468 393 2522 l).
414 2466 580 2511 ..sella
612 2468 676 2511 bl.
809 2471 863 2510 13
897 2467 1040 2511 habet
1071 2467 1169 2523 (εἰσ)
1202 2467 1266 2511 bl.
1398 2467 1556 2523 lapsus
1589 2467 1688 2523 (sic)
1723 2468 1787 2512 bl.

225 2530 279 2570 14
310 2526 462 2570 facere
496 2525 569 2569 bl:
602 2525 744 2583 figere
779 2525 909 2571 Cant.
1049 2530 1102 2569 16
1135 2525 1371 2570 mensibus
1402 2525 1467 2570 VI
1499 2526 1562 2570 bl.
1717 2527 1798 2571 aut
1830 2526 1905 2571 lh:

221 2586 275 2628 ut
306 2585 344 2628 b.
439 2587 495 2627 17
528 2585 607 2640 qui
637 2583 820 2641 possint
849 2586 1001 2629 totum
1037 2585 1107 2629 bl:
1141 2583 1265 2640 quod
1299 2588 1423 2640 (quo)
1455 2585 1639 2641 possint
1671 2585 1784 2642 (-sit)
1816 2597 1910 2630 non

223 2674 407 2718 tantum
436 2672 467 2715 h
497 2672 684 2730 (Cant).
810 2677 864 2717 18
897 2673 1266 2717 conmanducare
1299 2674 1337 2717 b.
1462 2677 1517 2717 19
1549 2655 1728 2725 infantc‘}
1753 2673 1855 2729 (εἰσ)
1881 2686 1909 2717 a

221 2733 346 2777 lacte
378 2733 414 2776 l:
445 2730 650 2776 infantes
682 2732 803 2776 lacte
835 2733 874 2776 b.
1005 2733 1140 2787 (hanc
1170 2746 1244 2788 qu.
1279 2746 1361 2778 om.
1394 2733 1454 2787 h.)
1575 2737 1630 2777 22
1664 2733 1836 2777 lactem
1868 2732 1908 2786 b,

223 2791 347 2835 lacte
379 2792 406 2835 l.
558 2791 690 2835 illae:
736 2791 822 2835 illa.
853 2791 916 2835 bl.
1071 2792 1179 2834 sunt
1212 2792 1336 2847 (post
1367 2793 1541 2847 amara)
1581 2793 1686 2837 add.
1723 2791 1787 2836 bl.

223 2855 280 2894 24
315 2849 461 2903 Quem
493 2851 528 2895 l:
563 2849 689 2902 Quae
723 2851 762 2896 b.
1472 2861 1475 2864 ’
