2014 3162
862 119 1256 172 -238—

222 255 280 307 δὲ
318 259 541 307 τοιοῦτον
579 250 702 306 εἶναι
734 250 820 306 τὸν
852 255 1033 319 δίφρον
1066 248 1173 304 οἷον
1205 249 1469 319 εἰρήκαμεν
1501 249 1807 321 ἢκαθέδραν
1830 254 1915 320 ἔμ-

217 342 438 403 προσθεν
468 332 500 402 ἢ
531 335 614 387 καὶ
652 333 863 387 ὄπισθεν
901 332 1264 399 ἐκτετμημένην.
1331 333 1531 405 ἐγκοίλῳ
1576 333 1630 385 δὲ
1668 334 1915 404 γενομένῃ

218 417 285 468 ἔτι
339 415 602 479 ἐξόπισθεν
655 417 972 483 προστίθεταί
1020 435 1065 465 τι
1115 410 1179 475 ὦς
1233 412 1470 480 συνήθως
1523 419 1623 477 τοῖς
1678 415 1915 484 δέρμασιν

215 497 593 567 κατερραμμένη.

173 603 194 634 5
327 581 495 640 κλίνας
528 577 582 628 δὲ
621 575 731 642 δύο,
768 573 859 643 τὴν
897 575 986 643 μὲν
1023 580 1274 643 τρυφερῶς
1313 576 1620 643 ἐστρωμένην
1657 574 1782 644 πρὸς
1820 575 1914 643 τὴν

217 656 332 724 μετὰ
378 656 430 709 τὸ
476 664 631 709 τεκεῖν
675 655 993 722 ἀνάπαυλαν,
1048 654 1138 723 τὴν
1182 656 1237 708 δὲ
1285 654 1501 723 σκληρὰν
1548 655 1671 724 πρὸς
1716 655 1806 724 τὴν
1859 658 1912 709 ἐν

215 745 318 800 ταῖς
357 736 605 801 ἀποτέξεσι
640 735 939 804 κατάκλισιν,
979 735 1098 790 ῶστε
1137 736 1203 805 μὴ
1243 736 1366 790 κατὰ
1405 739 1693 806 τετρυμένης
1723 742 1915 806 κλίνης,

215 821 270 871 ἐν
307 815 461 889 ὓπτίῳ
500 824 566 892 τῷ
605 817 824 887 σχήματι,
865 819 1187 887 συνηγμένων
1226 819 1315 886 μὲν
1353 825 1450 872 τῶν
1489 823 1678 887 ποδῶν,
1718 818 1907 873 διεστῶ-

214 922 310 952 των
351 900 404 952 δὲ
430 905 539 952 ’τῶν
581 905 777 969 μηρῶν,
823 901 1278 968 προσυποκειμένου
1321 901 1375 954 δὲ
1419 908 1520 964 τοῖς
1566 904 1737 969 ἰσχίοις
1775 899 1911 964 τινὸς
1972 901 1981 972 ’Ἰ

149 1007 192 1040 10
217 980 335 1034 ὥστε
374 981 651 1050 κατωφερὲς
690 982 923 1049 γενέσθαι
959 980 1013 1035 τὸ
1053 989 1336 1051 γυναικεῖον
1377 985 1586 1035 αἰδοῖον.

330 1069 414 1117 69.
453 1062 568 1126 τοὺς
607 1064 661 1116 δὲ
699 1062 887 1125 πόνους
924 1061 978 1115 τὸ
1018 1063 1107 1130 μὲν
1145 1069 1341 1131 πρῶτον
1371 1069 1428 1136 τῇ
1462 1062 1545 1116 διὰ
1577 1069 1781 1132 θερμῶν
1815 1069 1916 1116 τῶν

214 1151 391 1213 χειρῶν
428 1150 664 1217 προσαφῇ
705 1143 962 1213 πραύνειν,
1001 1142 1053 1196 τὸ
1096 1144 1150 1196 δὲ
1189 1143 1305 1212 μετὰ
1352 1150 1502 1197 ταῦτα
1548 1145 1738 1221 βρέχειν
1785 1143 1913 1213 ῥάκη
1986 1208 1988 1214 s

215 1228 357 1299 ἐλαίῳ
398 1234 571 1295 γλυκεῖ
601 1228 685 1278 καὶ
722 1230 892 1298 θερμῷ
931 1226 1014 1276 καὶ
1059 1224 1264 1278 ἄνωθεν
1314 1226 1609 1294 ἐπιρρίπτειν
1655 1223 1760 1278 κατ’
1811 1227 1913 1278 ἐπι-

213 1311 442 1377 γαστρίου
483 1329 530 1360 τε
567 1308 652 1359 καὶ
688 1304 1081 1375 πτερυγωμάτων
1118 1307 1201 1359 καὶ
1248 1308 1588 1375 συνεχέστερον
1633 1313 1699 1380 τῷ
1739 1312 1910 1380 θερμῷ

147 1411 189 1444 15
213 1390 527 1457 καταβρέχειν
566 1389 728 1458 ἐλαίῳ,
766 1389 1093 1456 παρατιθέναι
1133 1388 1186 1440 δὲ
1217 1389 1301 1440 καὶ
1332 1386 1513 1440 κύστιν·
1533 1389 1698 1441 ἐλαίου
1728 1395 1909 1455 πεπλη-

214 1470 441 1538 ρωμένην
478 1474 684 1536 θερμοῦ.
749 1469 1059 1536 διισταμένου
1100 1470 1154 1521 δὲ
1192 1475 1278 1522 τοῦ
1318 1467 1552 1537 στόματος
1589 1474 1675 1537 τῆς
1711 1467 1915 1538 ὑστέρας
1976 1483 1989 1506 ³

213 1553 295 1604 καὶ
332 1556 502 1621 θερμῷ
541 1551 684 1622 ἐλαίῳ
723 1549 1068 1617 προλιπάνασα
1105 1549 1190 1612 τὰς
1221 1557 1383 1618 χεῖρας
1412 1548 1499 1603 τὸν
1528 1555 1615 1618 τῆς
1645 1548 1911 1617 εὐωνύμου

211 1630 369 1700 χειρὸς
408 1628 609 1700 λιχανὸν
643 1628 886 1683 δάκτυλον
919 1629 1329 1698 ἆπωνυχισμένον
1358 1632 1597 1698 καθιέτω,
1636 1629 1807 1703 πρᾴως
1848 1636 1906 1703 τῇ

212 1718 508 1784 προσαγωγῇ
556 1711 900 1764 διαστέλλουσα
943 1709 995 1763 τὸ
1037 1709 1236 1778 στόμιον
1276 1709 1395 1763 ῶστε
1431 1710 1485 1764 τὸ
1524 1707 1786 1779 πρόχειρον
1823 1715 1912 1765 τοῦ

146 1818 188 1849 20
212 1798 382 1863 χορίου
431 1795 575 1862 μέρος
615 1794 1007 1862 ἐπιπροπίπτειν,
1054 1797 1111 1863 τῇ
1152 1795 1286 1864 δεξιᾷ
1327 1792 1380 1844 δὲ
1419 1793 1540 1860 χειρὶ
1577 1790 1691 1854 τοὺς
1729 1789 1911 1854 τόπους
1981 1808 1984 1810 ’

213 1877 543 1943 ἐλαιοχυτείτω
592 1872 940 1940 φυλασσομένη
987 1870 1040 1925 τὸ
1089 1874 1143 1925 ἐκ
1187 1878 1274 1940 τῆς
1323 1872 1549 1940 ἑψήσεως
1594 1873 1912 1940 κεκνισμένον

213 1959 389 2011 ἔλαιον.
459 1961 548 2009 τοῦ
585 1952 956 2024 προρρήγματος
996 1953 1050 2005 δὲ
1088 1952 1140 2007 τὸ
1182 1956 1389 2024 μέγεθος
1430 1952 1533 2024 ῷοῦ
1571 1947 1908 2023 λαμβάνοντος

211 2037 310 2092 ὑπὸ
352 2037 403 2091 τὸ
446 2037 644 2105 στόμιον
681 2042 766 2104 τῆς
804 2033 1029 2104 ὑστέρας,
1069 2038 1113 2087 εἰ
1150 2035 1239 2103 μὲν
1278 2033 1499 2103 ἀσθενὴς
1537 2038 1612 2102 εἴη
1650 2033 1683 2102 ἡ
1721 2057 1910 2102 κυοφο-

212 2126 367 2189 ροῦσα
419 2121 504 2172 καὶ
558 2117 757 2184 ἄτονος,
811 2115 902 2184 τὴν
956 2121 1166 2184 μαίωσιν
1220 2118 1299 2169 ἐπὶ
1352 2118 1700 2185 κατακειμένης
1761 2115 1913 2184 αὐτῆς

333 2277 355 2315 1
390 2268 474 2315 τὸν
507 2271 611 2315 add.
638 2271 690 2314 E.
801 2275 827 2314 2
859 2265 888 2342 ἢ
922 2269 1004 2314 καὶ
1036 2265 1240 2314 ὄπισθεν
1273 2270 1362 2314 del.
1387 2269 1439 2315 E
1550 2265 1909 2327 ἐκτετμημένης,

212 2327 265 2375 ἐκ
297 2331 457 2374 κοιλοῦ
490 2328 543 2374 δὲ
576 2326 832 2386 γενομένης
863 2346 892 2385 η
925 2334 1172 2401 γεγονεῖσα
1205 2330 1251 2385 (i.
1271 2342 1308 2373 e.
1341 2323 1371 2385 ἢ
1404 2333 1655 2384 γεγονυῐας
1684 2328 1863 2384 ν.1.ἐ’)
1861 2345 1906 2372 τι

212 2386 467 2443 ἐξόπισθεν
498 2389 814 2459 προστίθεταί
838 2405 882 2431 τι
915 2388 1016 2445 (sic)
1050 2386 1111 2439 ὡς
1143 2403 1180 2433 σ.
1214 2405 1254 2433 τ.
1286 2390 1327 2432 δ.
1361 2386 1746 2445 κατερραμμένης
1777 2402 1815 2432 c.

212 2453 238 2492 5
270 2445 386 2505 πρὸς
416 2444 466 2492 τὸ
497 2450 504 2504 l
531 2445 617 2503 τὴν
649 2461 673 2491 c
707 2445 776 2503 (τὸ
811 2447 900 2491 del.
934 2448 1008 2504 D).
1133 2453 1157 2491 '7
1191 2446 1543 2521 κατατρυμένης
1575 2461 1612 2492 c.
1736 2451 1762 2490 9
1794 2462 1903 2504 προ·

210 2523 348 2551 υποκ
381 2520 420 2551 c.
561 2511 615 2550 16
648 2505 951 2563 διισταμένου
983 2506 1044 2550 E:
1077 2507 1166 2564 δεῖ,
1201 2504 1451 2562 ἱσταμένου
1486 2519 1522 2550 c.
1648 2510 1700 2549 17
1734 2498 1763 2560 ἢ
1796 2506 1905 2550 ansae

211 2566 292 2610 καὶ
323 2566 427 2610 add.
462 2579 499 2609 e.
633 2570 688 2609 18
721 2566 950 2610 καθιείτω
985 2570 1206 2611 o.19
1239 2564 1509 2621 περιαγωγῇ
1541 2564 1594 2608 Ε.
1729 2569 1783 2608 22
1789 2577 1900 2635 pro
1952 2556 1961 2571 ⁸

211 2620 307 2697 ᾧοῦ
341 2625 483 2682 (quod.
503 2624 683 2694 suppl
698 2623 751 2680 Ε,
785 2623 841 2668 cf,
875 2624 1027 2668 simile
1060 2637 1116 2668 ex
1148 2623 1241 2668 alio
1274 2623 1402 2667 fonte
1434 2624 1487 2667 fr.
1518 2638 1564 2680 p.
1593 2627 1669 2677 79,
1696 2627 1753 2668 20
1785 2638 1901 2667 οταν

211 2677 298 2728 οὖν
341 2683 393 2727 τὸ
439 2679 586 2755 στόμα
629 2682 714 2754 τῆς
754 2679 926 2755 μητρὸς
965 2683 1130 2753 διαστῇ
1171 2681 1253 2726 καὶ
1291 2679 1514 2755 προκύψῃ
1553 2678 1606 2726 τὸ
1646 2679 1901 2752 λεγόμενον

212 2740 487 2817 πρόρρηγμα
527 2738 639 2787 όσον
679 2737 753 2802 ῷῷ
798 2737 1023 2801 ὀρνιθείῳ
1065 2757 1228 2798 ομοιον
1267 2738 1388 2785 κατὰ
1430 2740 1656 2799 μέγεθος,
1687 2737 1792 2785 τότε
1826 2742 1909 2784 δεῖ

214 2798 362 2853 αὐτὰς
395 2799 473 2846 ἐπὶ
505 2803 675 2858 δίφρον
708 2785 863 2858 dvm)
896 2787 1055 2845 album
1088 2805 1110 2844 1
1138 2815 1223 2845 om.
1249 2800 1299 2845 in
1323 2815 1360 2844 o.
1411 2800 1467 2844 cf.
1501 2800 1582 2844 lat.
1615 2813 1716 2845 cwm
1746 2801 1905 2845 corion
1948 2807 1959 2810 ”

214 2863 276 2907 ad
306 2862 666 2919 maym'tudinem
700 2860 774 2905 ovi
803 2861 855 2904 νη
879 2861 1053 2916 orificio
1083 2860 1288 2904 matricis
1319 2860 1635 2904 invenerimus.
