2014 3162
740 135 1136 187 -223—

90 255 176 321 διὰ
221 274 307 335 τῆς
351 266 553 337 ἠρεμίας
599 269 870 334 ἐκλυθῆναι
915 266 966 320 τὸ
1018 269 1369 337 δυσαρέστημα.
1445 278 1548 333 ταῖς
1588 272 1642 323 δὲ
1679 277 1775 324 τῶν

91 356 285 402 πολλῶν
322 353 708 418 ψυχρολουσίαις
747 347 807 402 οὗ
844 350 1156 417 προσεκτέον,
1212 349 1283 403 ’ὅτι
1322 350 1556 414 συστολὰς
1595 351 1653 405 οὗ
1693 355 1775 420 φέ-

93 446 263 498 ρουσιν
312 432 368 481 αἶ
407 436 773 499 κυοφοροῦσαι,
827 428 945 482 καθ’
996 428 1054 493 ἃς
1107 428 1321 498 ἆκαίρως
1358 431 1648 499 τρεφόμεναι
1688 435 1771 499 φέ-

91 529 231 579 ρουσι
269 514 355 563 καί
387 534 497 564 τινα
535 515 737 565 πλείονα
776 511 1007 567 κάκωσιν.
1062 514 1395 581 φθειρομένης
1426 511 1518 582 γὰρ
1549 520 1634 581 τῆς
1665 536 1771 582 τρο-

88 598 189 659 φῆς
227 590 288 645 οὐ
327 592 483 660 μόνον
523 591 583 646 οὗ
620 594 880 661 τρέφονται
919 592 1001 646 διὰ
1039 599 1136 646 τῶν
1167 595 1497 662 ἐφθαρμένων
1539 592 1660 646 ἀλλὰ
1691 597 1772 647 καὶ
1794 615 1815 648 5

85 675 366 744 βαροῦνται.
405 676 725 742 παραιτητέον
765 675 819 726 δὲ
858 674 993 742 μέχρι
1030 673 1161 737 τινὸς
1198 677 1281 727 καὶ
1318 674 1371 728 τὸ
1411 679 1686 743 βαλανεῖον.

196 753 228 822 ἡ
277 759 515 809 συνουσία
569 756 623 808 δὲ
676 753 882 808 πάντοτε
926 763 1030 818 ταῖς
1082 755 1449 823 κυοφορούσαις
1503 756 1772 826 έπιβλαβὴς

87 835 171 888 διά
207 858 254 889 τε
293 835 378 890 τὸν
416 835 567 889 σάλον
605 837 686 888 καὶ
726 834 808 887 διὰ
843 834 895 889 τὸ
927 835 1016 903 τὴν
1048 834 1254 904 ὑστέραν
1286 835 1649 905 ἀναγκάζεσθαι
1680 837 1770 905 τὴν

86 918 313 969 ἐναντίαν
358 923 425 991 τῷ
462 923 547 985 τῆς
585 913 873 984 συλλήψεως
912 917 1034 987 ἔργῳ
1074 920 1268 983 κίνησιν
1305 914 1582 985 ὑπομένειν.
1623 919 1676 970 έν
1717 919 1770 970 δὲ

83 1004 183 1060 τοῖς
219 1001 506 1060 τελευταίοις
553 999 670 1065 μησὶ
707 998 790 1049 καὶ
837 1002 1042 1064 μᾶλλον,
1098 995 1162 1064 μὴ
1213 996 1278 1049 δι’
1330 996 1487 1065 αὐτὴν
1538 999 1766 1067 ῥαγέντος
1795 1022 1836 1054 10

81 1084 168 1132 τοῦ
207 1082 376 1147 χορίου
413 1076 467 1132 τὸ
506 1076 630 1147 πρὸς
666 1076 758 1145 τὴν
794 1083 880 1144 τῆς
918 1076 1185 1141 ἆποτέξεως
1216 1082 1382 1146 χρείαν
1411 1077 1770 1147 ἡτοιμασμένον

83 1157 236 1229 ὑγρὸν
282 1161 561 1228 ἔμπροσθεν
605 1165 692 1213 τοῦ
740 1156 936 1221 δέοντος
978 1157 1314 1227 ἀποκρίνηται.
1393 1158 1479 1213 τὸν
1528 1160 1581 1212 δὲ
1621 1160 1770 1230 ὄγκον

81 1246 166 1308 τῆς
204 1239 408 1310 γαστρὸς
448 1243 580 1308 εἴπερ
621 1238 969 1309 ἆπεκρεμάσθη
1009 1238 1130 1291 κατὰ
1169 1238 1339 1310 βάρος,
1381 1239 1462 1293 διά
1494 1247 1769 1308 τελαμῶνος

81 1319 401 1390 ἀναληπτέον.
486 1321 661 1375 τούτου
710 1321 763 1372 δὲ
813 1319 902 1388 τὴν
942 1319 1176 1389 μεσότητα
1215 1320 1345 1392 αὐτῷ
1383 1320 1608 1374 κάτωθεν
1646 1320 1768 1375 ὑπο-

79 1401 253 1456 θετεὸν
298 1409 363 1476 τῷ
409 1409 494 1470 τῆς
539 1408 726 1465 κοιλίας
773 1400 928 1473 ὄγκῳ,
982 1400 1065 1464 τὰς
1114 1402 1168 1454 δὲ
1213 1401 1364 1471 ἀρχὰς
1409 1408 1507 1454 τῶν
1544 1409 1768 1470 πλευρῶν
1793 1424 1835 1458 15

81 1483 386 1552 ἑκατέρωθεν
424 1482 722 1552 άναχθείσας
767 1481 1011 1550 χιαστέον,
1066 1482 1164 1536 εἶτα
1211 1485 1289 1536 ἐπὶ
1337 1482 1640 1551 μετάφρενον
1685 1485 1767 1536 καὶ

81 1563 246 1632 ὤμους
290 1563 587 1634 ’ὑπερθετέον
632 1563 854 1632 πρόσθεν
897 1586 946 1617 τε
991 1564 1112 1617 κατὰ
1151 1563 1516 1633 περιειλημένης
1556 1568 1768 1631 φασκίας

29 1637 34 1645 ’
76 1635 485 1714 ἆφαμματιστέον.
555 1644 917 1713 περιαλειπτέον
956 1646 1011 1698 δὲ
1048 1647 1131 1698 καὶ
1168 1651 1361 1716 κηρωτῇ
1400 1644 1483 1699 τὸν
1516 1645 1664 1715 ὄγκον
1696 1644 1761 1698 δι’

78 1724 360 1794 ὅμφακίνου
407 1729 572 1781 ε’λαίου
610 1728 693 1779 καὶ
732 1729 984 1794 μυρσίνου.
1060 1725 1362 1795 τονουμένου
1400 1725 1493 1796 γὰρ
1531 1732 1618 1779 τοῦ
1658 1725 1766 1796 δέρ-

78 1829 224 1875 ματος
262 1810 402 1877 ρῆξιν
440 1806 530 1876 οὐχ
567 1806 817 1875 ὑπομένει,
855 1815 1067 1876 τηρεῖται
1106 1808 1158 1860 δὲ
1197 1806 1541 1876 άρρυτίδωτον.
1788 1831 1831 1863 20

189 1886 304 1955 μετὰ
362 1889 415 1941 δὲ
459 1887 545 1942 τὸν
590 1888 772 1958 ὄγδοον
817 1894 949 1957 μῆνα
997 1887 1084 1942 τὸν
1134 1889 1222 1956 μὲν
1276 1894 1526 1957 τελαμῶνα
1579 1887 1765 1956 λυτέον,

77 1968 454 2040 συνεγγιζούσης
491 1969 590 2038 ἤδη
629 1976 714 2039 τῆς
753 1968 1036 2033 ἆποτέξεως.
1091 1968 1376 2039 συνεργῆσει
1417 1970 1470 2021 δὲ
1512 1967 1564 2022 τὸ
1612 1969 1765 2038 βάρος

77 2053 145 2114 είς
199 2049 431 2119 ὀξυτέραν
484 2049 776 2118 ἀποκύησιν.
867 2049 1223 2120 συνεχεστέροις
1278 2051 1331 2103 δὲ
1380 2049 1613 2119 χρηστέον
1665 2059 1765 2113 τοῖς

75 2139 296 2201 λουτροῖς
335 2135 403 2195 εἰς
440 2130 758 2202 παρασκευὴν
794 2137 880 2200 τῆς
917 2138 1014 2184 τῶν
1050 2138 1209 2200 μερῶν
1241 2130 1452 2194 ἀνέσεως
1482 2132 1564 2183 καὶ
1595 2130 1763 2198 νήξεσι

74 2221 178 2276 ταῖς
224 2215 278 2266 ἐν
323 2212 465 2266 ὕδατι
512 2220 684 2281 γλυκεῖ
713 2214 796 2265 καὶ
834 2219 1016 2286 θερμῷ.
1093 2211 1151 2265 τὰ
1189 2211 1282 2282 γὰρ
1322 2211 1549 2279 αὐτοφυῆ
1589 2214 1761 2280 δριμυ-
1785 2233 1828 2266 25

75 2292 215 2362 τέρας
253 2296 424 2364 ἔχοντα
461 2293 545 2358 τὰς
583 2292 842 2362 ποιότητας
882 2292 1031 2347 οὐδὲν
1069 2292 1291 2362 διαφέρει
1328 2298 1426 2345 τῶν
1460 2294 1528 2353 εἰς
1560 2290 1764 2359 φθορὰν

74 2372 446 2444 ὑποτιθεμένων
466 2374 758 2445 φαρμάκων.
791 2377 873 2428 καὶ
897 2373 1218 2442 τοπικῶτερον
1235 2374 1289 2426 δὲ
1312 2371 1368 2425 τὰ
1394 2371 1513 2442 μέρη
1540 2375 1763 2441 διαχαλα-

198 2527 220 2564 1
256 2518 330 2564 δεε
354 2517 452 2591 γὰρ
484 2534 522 2565 c.
645 2526 671 2565 3
703 2517 803 2567 καθ’
808 2517 866 2570 ές
894 2519 991 2576 (sic)
1025 2533 1049 2563 c
1066 2514 1217 2592 (καθ’
1254 2513 1338 2568 οὓς
1369 2518 1412 2574 d,
1444 2512 1565 2561 καθ’
1599 2534 1657 2567 ας
1689 2517 1760 2573 D).

135 2584 164 2623 4
205 2579 285 2624 καὶ
315 2577 400 2636 τὴν
431 2581 628 2624 πλείονα
660 2596 701 2624 κ.
736 2594 773 2626 c.
926 2583 951 2623 5
997 2576 1226 2635 τρέφηται
1257 2591 1281 2620 c
1316 2579 1446 2633 (corr.
1479 2577 1551 2633 D).
1706 2581 1759 2619 12

51 2633 323 2695 ,α’ποκρίνει
355 2652 379 2683 c
414 2641 545 2693 (corr.
578 2640 648 2696 E).
782 2644 836 2682 13
865 2634 1214 2712 άποκρεμασθῆ
1249 2636 1330 2680 καὶ
1362 2632 1506 2694 βαρὺς
1538 2632 1617 2679 διὰ
1649 2652 1687 2679 τ.
1721 2649 1758 2679 c.

135 2702 187 2743 17
229 2694 525 2752 προσθέντας
563 2695 802 2771 (πρόσθεν
831 2695 884 2742 ὃὲ
918 2711 1032 2741 corr.
1065 2696 1137 2740 E).
1317 2692 1705 2751 περιειλημμένης
1736 2707 1760 2736 c

75 2757 209 2813 (corr.
244 2756 311 2812 Ε).
465 2760 520 2800 18
550 2755 859 2813 περιληπτέον
893 2770 916 2800 c
950 2757 1080 2811 (corr.
1114 2754 1177 2809 D,
1210 2754 1266 2798 cf.
1304 2755 1493 2798 inlinire
1522 2753 1639 2808 lah).
1759 2782 1761 2784 -

74 2819 129 2858 21
162 2813 327 2859 λυτέον
359 2811 483 2859 εἶναι
515 2815 610 2871 (ινα
642 2815 697 2872 Ε)
723 2830 762 2860 σ.
789 2830 826 2861 c.
949 2819 1006 2858 24
1036 2811 1197 2870 νήξεσι
1227 2812 1289 2857 D.
1324 2810 1508 2869 ρήξεσιν
1542 2825 1578 2855 ο.
1702 2814 1758 2853 27

59 2871 190 2932 ’μέρη
223 2875 326 2918 δια·
358 2873 419 2916 E²
448 2889 491 2930 p.
518 2879 595 2919 30:
629 2875 816 2931 μερίδια
849 2888 887 2918 c.
