<?xml version="1.0" encoding="UTF-8"?>
<!DOCTYPE html PUBLIC "-//W3C//DTD XHTML 1.0 Transitional//EN"
    "http://www.w3.org/TR/xhtml1/DTD/xhtml1-transitional.dtd">
<html xmlns="http://www.w3.org/1999/xhtml" xml:lang="en" lang="en">
 <head>
  <title>
</title>
<meta http-equiv="Content-Type" content="text/html;charset=utf-8" />
  <meta name='ocr-system' content='tesseract 3.04.00' />
  <meta name='ocr-capabilities' content='ocr_page ocr_carea ocr_par ocr_line ocrx_word'/>
</head>
<body>
  <div class='ocr_page' id='page_1' title='image "./gynaeciorumvetus00sorauoft_0084.png"; bbox 0 0 2014 3162; ppageno 0'>
   <div class='ocr_carea' id='block_1_1' title="bbox 848 113 1213 166">
    <p class='ocr_par' dir='ltr' id='par_1_1' title="bbox 848 113 1213 166">
     <span class='ocr_line' id='line_1_1' title="bbox 848 113 1213 166; baseline 0.003 -16"><span class='ocrx_word' id='word_1_1' title='bbox 848 113 1213 166; x_wconf 79' lang='grc'>..60-</span> 
     </span>
    </p>
   </div>
   <div class='ocr_carea' id='block_1_2' title="bbox 125 248 1880 1935">
    <p class='ocr_par' dir='ltr' id='par_1_2' title="bbox 125 248 1880 1935">
     <span class='ocr_line' id='line_1_2' title="bbox 189 248 1876 316; baseline 0 -18"><span class='ocrx_word' id='word_1_2' title='bbox 189 248 360 298; x_wconf 87' lang='lat' dir='ltr'>tudine</span> <span class='ocrx_word' id='word_1_3' title='bbox 393 249 618 313; x_wconf 86' lang='lat' dir='ltr'><strong>torqueri</strong></span> <span class='ocrx_word' id='word_1_4' title='bbox 643 248 818 316; x_wconf 85' lang='lat' dir='ltr'><strong>solent,</strong></span> <span class='ocrx_word' id='word_1_5' title='bbox 850 254 1072 298; x_wconf 90' lang='lat' dir='ltr'>mentum</span> <span class='ocrx_word' id='word_1_6' title='bbox 1097 250 1144 298; x_wconf 93' lang='lat' dir='ltr'>ei</span> <span class='ocrx_word' id='word_1_7' title='bbox 1167 249 1479 314; x_wconf 88' lang='lat' dir='ltr'>frequentius</span> <span class='ocrx_word' id='word_1_8' title='bbox 1504 262 1701 297; x_wconf 91' lang='lat' dir='ltr'>movere</span> <span class='ocrx_word' id='word_1_9' title='bbox 1729 254 1779 296; x_wconf 90' lang='lat' dir='ltr'>et</span> <span class='ocrx_word' id='word_1_10' title='bbox 1803 249 1876 298; x_wconf 89' lang='lat' dir='ltr'>sic</span> 
     </span>
     <span class='ocr_line' id='line_1_3' title="bbox 190 320 1877 388; baseline 0 -17"><span class='ocrx_word' id='word_1_11' title='bbox 190 337 295 372; x_wconf 92' lang='lat' dir='ltr'>eam</span> <span class='ocrx_word' id='word_1_12' title='bbox 329 324 558 388; x_wconf 85' lang='lat' dir='ltr'>excitare,</span> <span class='ocrx_word' id='word_1_13' title='bbox 590 324 656 372; x_wconf 90' lang='lat' dir='ltr'>ita</span> <span class='ocrx_word' id='word_1_14' title='bbox 688 329 744 372; x_wconf 91' lang='lat' dir='ltr'>ut</span> <span class='ocrx_word' id='word_1_15' title='bbox 774 321 1012 371; x_wconf 84' lang='lat' dir='ltr'>medianis</span> <span class='ocrx_word' id='word_1_16' title='bbox 1036 322 1263 387; x_wconf 89' lang='lat' dir='ltr'>pertibus</span> <span class='ocrx_word' id='word_1_17' title='bbox 1289 323 1535 371; x_wconf 88' lang='lat' dir='ltr'>universis</span> <span class='ocrx_word' id='word_1_18' title='bbox 1559 320 1877 371; x_wconf 88' lang='lat' dir='ltr'>calfactiones</span> 
     </span>
     <span class='ocr_line' id='line_1_4' title="bbox 189 394 1879 461; baseline -0.001 -15"><span class='ocrx_word' id='word_1_19' title='bbox 189 396 445 446; x_wconf 85' lang='lat' dir='ltr'><strong>admoveas</strong></span> <span class='ocrx_word' id='word_1_20' title='bbox 500 396 826 461; x_wconf 91' lang='lat' dir='ltr'>manibusque</span> <span class='ocrx_word' id='word_1_21' title='bbox 881 395 1050 445; x_wconf 85' lang='lat' dir='ltr'>calidis</span> <span class='ocrx_word' id='word_1_22' title='bbox 1096 397 1327 444; x_wconf 88' lang='lat' dir='ltr'>universa</span> <span class='ocrx_word' id='word_1_23' title='bbox 1385 410 1498 445; x_wconf 90' lang='lat' dir='ltr'>acra</span> <span class='ocrx_word' id='word_1_24' title='bbox 1543 396 1651 444; x_wconf 92' lang='lat' dir='ltr'>eius</span> <span class='ocrx_word' id='word_1_25' title='bbox 1703 394 1879 445; x_wconf 91' lang='lat' dir='ltr'>iubeas</span> 
     </span>
     <span class='ocr_line' id='line_1_5' title="bbox 189 468 1874 536; baseline 0 -17"><span class='ocrx_word' id='word_1_26' title='bbox 189 471 455 536; x_wconf 83' lang='lat' dir='ltr'>contineri,</span> <span class='ocrx_word' id='word_1_27' title='bbox 510 470 686 519; x_wconf 92' lang='lat' dir='ltr'>deinde</span> <span class='ocrx_word' id='word_1_28' title='bbox 737 469 967 535; x_wconf 90' lang='lat' dir='ltr'>penicillo</span> <span class='ocrx_word' id='word_1_29' title='bbox 1019 484 1143 533; x_wconf 89' lang='lat' dir='ltr'>aqua</span> <span class='ocrx_word' id='word_1_30' title='bbox 1192 468 1344 518; x_wconf 88' lang='lat' dir='ltr'>calida</span> <span class='ocrx_word' id='word_1_31' title='bbox 1385 471 1539 518; x_wconf 91' lang='lat' dir='ltr'>tincto</span> <span class='ocrx_word' id='word_1_32' title='bbox 1580 469 1757 518; x_wconf 89' lang='lat' dir='ltr'>faciem</span> <span class='ocrx_word' id='word_1_33' title='bbox 1795 485 1874 519; x_wconf 82' lang='lat' dir='ltr'>va·</span> 
     </span>
     <span class='ocr_line' id='line_1_6' title="bbox 144 542 1876 609; baseline 0 -17"><span class='ocrx_word' id='word_1_34' title='bbox 144 552 164 585; x_wconf 86' lang='lat'>5</span> <span class='ocrx_word' id='word_1_35' title='bbox 187 558 379 609; x_wconf 90' lang='lat' dir='ltr'>porare.</span> <span class='ocrx_word' id='word_1_36' title='bbox 457 545 499 592; x_wconf 93' lang='lat' dir='ltr'>si</span> <span class='ocrx_word' id='word_1_37' title='bbox 538 559 654 592; x_wconf 92' lang='lat' dir='ltr'>vero</span> <span class='ocrx_word' id='word_1_38' title='bbox 694 543 880 592; x_wconf 89' lang='lat' dir='ltr'>diutius</span> <span class='ocrx_word' id='word_1_39' title='bbox 912 544 1222 591; x_wconf 77' lang='lat' dir='ltr'>taciturnitas</span> <span class='ocrx_word' id='word_1_40' title='bbox 1262 542 1342 591; x_wconf 91' lang='lat' dir='ltr'>illa</span> <span class='ocrx_word' id='word_1_41' title='bbox 1383 548 1691 608; x_wconf 88' lang='lat' dir='ltr'>perseverat,</span> <span class='ocrx_word' id='word_1_42' title='bbox 1747 542 1876 592; x_wconf 90' lang='lat' dir='ltr'>bene</span> 
     </span>
     <span class='ocr_line' id='line_1_7' title="bbox 189 615 1878 681; baseline -0.001 -14"><span class='ocrx_word' id='word_1_43' title='bbox 189 619 347 667; x_wconf 90' lang='lat' dir='ltr'>uteris</span> <span class='ocrx_word' id='word_1_44' title='bbox 402 626 451 667; x_wconf 89' lang='lat' dir='ltr'>et</span> <span class='ocrx_word' id='word_1_45' title='bbox 505 616 777 666; x_wconf 91' lang='lat' dir='ltr'>cucurbitis</span> <span class='ocrx_word' id='word_1_46' title='bbox 823 615 1013 665; x_wconf 90' lang='lat' dir='ltr'>levibus</span> <span class='ocrx_word' id='word_1_47' title='bbox 1062 631 1209 680; x_wconf 87' lang='lat' dir='ltr'>supra</span> <span class='ocrx_word' id='word_1_48' title='bbox 1266 617 1515 681; x_wconf 84' lang='lat' dir='ltr'>pectinem</span> <span class='ocrx_word' id='word_1_49' title='bbox 1569 622 1620 665; x_wconf 89' lang='lat' dir='ltr'>et</span> <span class='ocrx_word' id='word_1_50' title='bbox 1663 617 1878 679; x_wconf 82' lang='lat' dir='ltr'>inguini·</span> 
     </span>
     <span class='ocr_line' id='line_1_8' title="bbox 188 689 1877 757; baseline -0.001 -17"><span class='ocrx_word' id='word_1_51' title='bbox 188 691 282 741; x_wconf 91' lang='lat' dir='ltr'>bus</span> <span class='ocrx_word' id='word_1_52' title='bbox 322 691 573 756; x_wconf 83' lang='lat' dir='ltr'>adpositiS,</span> <span class='ocrx_word' id='word_1_53' title='bbox 611 690 735 739; x_wconf 88' lang='lat' dir='ltr'>lanis</span> <span class='ocrx_word' id='word_1_54' title='bbox 775 691 922 739; x_wconf 90' lang='lat' dir='ltr'>etiam</span> <span class='ocrx_word' id='word_1_55' title='bbox 962 689 1160 738; x_wconf 90' lang='lat' dir='ltr'>mundis</span> <span class='ocrx_word' id='word_1_56' title='bbox 1199 691 1430 739; x_wconf 91' lang='lat' dir='ltr'>universo</span> <span class='ocrx_word' id='word_1_57' title='bbox 1478 704 1592 739; x_wconf 91' lang='lat' dir='ltr'>acro</span> <span class='ocrx_word' id='word_1_58' title='bbox 1632 697 1877 757; x_wconf 89' lang='lat' dir='ltr'>contecto,</span> 
     </span>
     <span class='ocr_line' id='line_1_9' title="bbox 188 763 1878 830; baseline 0 -17"><span class='ocrx_word' id='word_1_59' title='bbox 188 765 431 830; x_wconf 84' lang='lat' dir='ltr'>patefacto</span> <span class='ocrx_word' id='word_1_60' title='bbox 471 765 522 813; x_wconf 91' lang='lat' dir='ltr'>in</span> <span class='ocrx_word' id='word_1_61' title='bbox 561 763 865 829; x_wconf 91' lang='lat' dir='ltr'>aliquantum</span> <span class='ocrx_word' id='word_1_62' title='bbox 898 778 984 813; x_wconf 91' lang='lat' dir='ltr'>ore</span> <span class='ocrx_word' id='word_1_63' title='bbox 1026 765 1132 812; x_wconf 89' lang='lat' dir='ltr'>eius</span> <span class='ocrx_word' id='word_1_64' title='bbox 1172 778 1349 828; x_wconf 90' lang='lat' dir='ltr'>aquam</span> <span class='ocrx_word' id='word_1_65' title='bbox 1381 763 1584 812; x_wconf 89' lang='lat' dir='ltr'>calidam</span> <span class='ocrx_word' id='word_1_66' title='bbox 1622 763 1878 830; x_wconf 88' lang='lat' dir='ltr'>instillare,</span> 
     </span>
     <span class='ocr_line' id='line_1_10' title="bbox 192 836 1879 902; baseline 0.001 -15"><span class='ocrx_word' id='word_1_67' title='bbox 192 838 368 887; x_wconf 92' lang='lat' dir='ltr'>deinde</span> <span class='ocrx_word' id='word_1_68' title='bbox 420 844 470 886; x_wconf 94' lang='lat' dir='ltr'>et</span> <span class='ocrx_word' id='word_1_69' title='bbox 524 837 731 887; x_wconf 89' lang='lat' dir='ltr'>mulsam</span> <span class='ocrx_word' id='word_1_70' title='bbox 791 836 1092 901; x_wconf 85' lang='lat' dir='ltr'>subiungere</span> <span class='ocrx_word' id='word_1_71' title='bbox 1148 844 1198 886; x_wconf 88' lang='lat' dir='ltr'>et</span> <span class='ocrx_word' id='word_1_72' title='bbox 1250 839 1302 886; x_wconf 92' lang='lat' dir='ltr'>in</span> <span class='ocrx_word' id='word_1_73' title='bbox 1356 837 1535 902; x_wconf 87' lang='lat' dir='ltr'>pensili</span> <span class='ocrx_word' id='word_1_74' title='bbox 1587 836 1716 886; x_wconf 89' lang='lat' dir='ltr'>lecto</span> <span class='ocrx_word' id='word_1_75' title='bbox 1771 852 1879 888; x_wconf 88' lang='lat' dir='ltr'>eam</span> 
     </span>
     <span class='ocr_line' id='line_1_11' title="bbox 126 910 1877 976; baseline 0 -16"><span class='ocrx_word' id='word_1_76' title='bbox 126 921 167 954; x_wconf 91' lang='lat'>10</span> <span class='ocrx_word' id='word_1_77' title='bbox 192 914 452 976; x_wconf 85' lang='lat' dir='ltr'>exagitare.</span> <span class='ocrx_word' id='word_1_78' title='bbox 530 927 641 960; x_wconf 87' lang='lat' dir='ltr'>cum</span> <span class='ocrx_word' id='word_1_79' title='bbox 698 926 813 960; x_wconf 91' lang='lat' dir='ltr'>vero</span> <span class='ocrx_word' id='word_1_80' title='bbox 869 911 925 960; x_wconf 90' lang='lat' dir='ltr'>ad</span> <span class='ocrx_word' id='word_1_81' title='bbox 979 926 1031 959; x_wconf 91' lang='lat' dir='ltr'>se</span> <span class='ocrx_word' id='word_1_82' title='bbox 1089 911 1314 976; x_wconf 89' lang='lat' dir='ltr'>redierit,</span> <span class='ocrx_word' id='word_1_83' title='bbox 1363 912 1405 960; x_wconf 91' lang='lat' dir='ltr'>si</span> <span class='ocrx_word' id='word_1_84' title='bbox 1453 910 1584 960; x_wconf 90' lang='lat' dir='ltr'>nulla</span> <span class='ocrx_word' id='word_1_85' title='bbox 1638 910 1877 960; x_wconf 87' lang='lat' dir='ltr'>lassitudo</span> 
     </span>
     <span class='ocr_line' id='line_1_12' title="bbox 190 983 1876 1051; baseline 0 -17"><span class='ocrx_word' id='word_1_86' title='bbox 190 987 296 1035; x_wconf 92' lang='lat' dir='ltr'>eius</span> <span class='ocrx_word' id='word_1_87' title='bbox 345 985 418 1034; x_wconf 90' lang='lat' dir='ltr'>vel</span> <span class='ocrx_word' id='word_1_88' title='bbox 470 992 582 1034; x_wconf 92' lang='lat' dir='ltr'>ante</span> <span class='ocrx_word' id='word_1_89' title='bbox 621 985 870 1034; x_wconf 90' lang='lat' dir='ltr'>modicum</span> <span class='ocrx_word' id='word_1_90' title='bbox 910 984 1054 1033; x_wconf 91' lang='lat' dir='ltr'>datus</span> <span class='ocrx_word' id='word_1_91' title='bbox 1094 984 1234 1034; x_wconf 87' lang='lat' dir='ltr'>cibus</span> <span class='ocrx_word' id='word_1_92' title='bbox 1274 984 1477 1051; x_wconf 88' lang='lat' dir='ltr'>inpedit,</span> <span class='ocrx_word' id='word_1_93' title='bbox 1505 986 1682 1034; x_wconf 66' lang='lat' dir='ltr'>‘statim</span> <span class='ocrx_word' id='word_1_94' title='bbox 1721 983 1876 1034; x_wconf 89' lang='lat' dir='ltr'>flebo·</span> 
     </span>
     <span class='ocr_line' id='line_1_13' title="bbox 189 1057 1878 1123; baseline 0.001 -16"><span class='ocrx_word' id='word_1_95' title='bbox 189 1058 418 1108; x_wconf 85' lang='lat' dir='ltr'>tomanda</span> <span class='ocrx_word' id='word_1_96' title='bbox 470 1066 546 1108; x_wconf 91' lang='lat' dir='ltr'>est</span> <span class='ocrx_word' id='word_1_97' title='bbox 601 1066 650 1108; x_wconf 93' lang='lat' dir='ltr'>et</span> <span class='ocrx_word' id='word_1_98' title='bbox 694 1066 807 1123; x_wconf 92' lang='lat' dir='ltr'>post</span> <span class='ocrx_word' id='word_1_99' title='bbox 867 1057 1198 1107; x_wconf 86' lang='lat' dir='ltr'>flebotomiam</span> <span class='ocrx_word' id='word_1_100' title='bbox 1257 1060 1622 1123; x_wconf 83' lang='lat' dir='ltr'>encymatismis</span> <span class='ocrx_word' id='word_1_101' title='bbox 1678 1058 1773 1108; x_wconf 90' lang='lat' dir='ltr'>olei</span> <span class='ocrx_word' id='word_1_102' title='bbox 1826 1065 1878 1108; x_wconf 92' lang='lat' dir='ltr'>et</span> 
     </span>
     <span class='ocr_line' id='line_1_14' title="bbox 189 1131 1876 1197; baseline 0.001 -16"><span class='ocrx_word' id='word_1_103' title='bbox 189 1132 540 1182; x_wconf 89' lang='lat' dir='ltr'>encathismate</span> <span class='ocrx_word' id='word_1_104' title='bbox 582 1147 817 1182; x_wconf 90' lang='lat' dir='ltr'>sucorum</span> <span class='ocrx_word' id='word_1_105' title='bbox 856 1131 1088 1181; x_wconf 86' lang='lat' dir='ltr'>curanda.</span> <span class='ocrx_word' id='word_1_106' title='bbox 1150 1134 1295 1182; x_wconf 91' lang='lat' dir='ltr'>tertia</span> <span class='ocrx_word' id='word_1_107' title='bbox 1327 1131 1406 1181; x_wconf 91' lang='lat' dir='ltr'>die</span> <span class='ocrx_word' id='word_1_108' title='bbox 1436 1138 1677 1197; x_wconf 91' lang='lat' dir='ltr'>peruncta</span> <span class='ocrx_word' id='word_1_109' title='bbox 1710 1132 1876 1182; x_wconf 91' lang='lat' dir='ltr'>cibum</span> 
     </span>
     <span class='ocr_line' id='line_1_15' title="bbox 190 1205 1878 1272; baseline 0 -17"><span class='ocrx_word' id='word_1_110' title='bbox 190 1206 462 1271; x_wconf 88' lang='lat' dir='ltr'>simplicem</span> <span class='ocrx_word' id='word_1_111' title='bbox 514 1208 742 1272; x_wconf 88' lang='lat' dir='ltr'>accipiat,</span> <span class='ocrx_word' id='word_1_112' title='bbox 806 1213 856 1255; x_wconf 93' lang='lat' dir='ltr'>et</span> <span class='ocrx_word' id='word_1_113' title='bbox 911 1221 1071 1271; x_wconf 89' lang='lat' dir='ltr'>usque</span> <span class='ocrx_word' id='word_1_114' title='bbox 1126 1205 1185 1255; x_wconf 90' lang='lat' dir='ltr'>ad</span> <span class='ocrx_word' id='word_1_115' title='bbox 1241 1205 1620 1255; x_wconf 86' lang='lat' dir='ltr'>declinationem</span> <span class='ocrx_word' id='word_1_116' title='bbox 1675 1206 1878 1255; x_wconf 88' lang='lat' dir='ltr'>alternis</span> 
     </span>
     <span class='ocr_line' id='line_1_16' title="bbox 125 1278 1878 1346; baseline 0 -18"><span class='ocrx_word' id='word_1_117' title='bbox 125 1287 166 1320; x_wconf 87' lang='lat'>15</span> <span class='ocrx_word' id='word_1_118' title='bbox 191 1279 365 1329; x_wconf 91' lang='lat' dir='ltr'>diebus</span> <span class='ocrx_word' id='word_1_119' title='bbox 405 1282 670 1346; x_wconf 85' lang='lat' dir='ltr'>nutriatur,</span> <span class='ocrx_word' id='word_1_120' title='bbox 710 1279 888 1329; x_wconf 88' lang='lat' dir='ltr'>cotidie</span> <span class='ocrx_word' id='word_1_121' title='bbox 920 1286 1086 1329; x_wconf 88' lang='lat' dir='ltr'>tamen</span> <span class='ocrx_word' id='word_1_122' title='bbox 1118 1278 1546 1344; x_wconf 88' lang='lat' dir='ltr'>cataplasmatibus</span> <span class='ocrx_word' id='word_1_123' title='bbox 1579 1286 1628 1329; x_wconf 93' lang='lat' dir='ltr'>et</span> <span class='ocrx_word' id='word_1_124' title='bbox 1659 1279 1878 1329; x_wconf 88' lang='lat' dir='ltr'>fomento</span> 
     </span>
     <span class='ocr_line' id='line_1_17' title="bbox 190 1353 1880 1418; baseline 0 -16"><span class='ocrx_word' id='word_1_125' title='bbox 190 1360 359 1403; x_wconf 89' lang='lat' dir='ltr'>curata</span> <span class='ocrx_word' id='word_1_126' title='bbox 407 1368 520 1403; x_wconf 89' lang='lat' dir='ltr'>cum</span> <span class='ocrx_word' id='word_1_127' title='bbox 566 1353 873 1417; x_wconf 88' lang='lat' dir='ltr'>adpositione</span> <span class='ocrx_word' id='word_1_128' title='bbox 919 1353 1288 1418; x_wconf 88' lang='lat' dir='ltr'>praedictorum</span> <span class='ocrx_word' id='word_1_129' title='bbox 1333 1355 1682 1418; x_wconf 87' lang='lat' dir='ltr'>pessariorum.</span> <span class='ocrx_word' id='word_1_130' title='bbox 1752 1354 1880 1403; x_wconf 87' lang='lat' dir='ltr'>facta</span> 
     </span>
     <span class='ocr_line' id='line_1_18' title="bbox 189 1426 1879 1492; baseline 0.001 -17"><span class='ocrx_word' id='word_1_131' title='bbox 189 1442 306 1476; x_wconf 89' lang='lat' dir='ltr'>vero</span> <span class='ocrx_word' id='word_1_132' title='bbox 347 1426 674 1476; x_wconf 91' lang='lat' dir='ltr'>declinatione</span> <span class='ocrx_word' id='word_1_133' title='bbox 715 1429 972 1477; x_wconf 88' lang='lat' dir='ltr'>cerotariis</span> <span class='ocrx_word' id='word_1_134' title='bbox 1013 1434 1062 1477; x_wconf 90' lang='lat' dir='ltr'>et</span> <span class='ocrx_word' id='word_1_135' title='bbox 1100 1426 1387 1492; x_wconf 86' lang='lat' dir='ltr'>malagmate</span> <span class='ocrx_word' id='word_1_136' title='bbox 1427 1427 1638 1492; x_wconf 91' lang='lat' dir='ltr'>simplici</span> <span class='ocrx_word' id='word_1_137' title='bbox 1676 1429 1879 1477; x_wconf 81' lang='lat' dir='ltr'>utimur.</span> 
     </span>
     <span class='ocr_line' id='line_1_19' title="bbox 189 1499 1879 1551; baseline 0.001 -2"><span class='ocrx_word' id='word_1_138' title='bbox 189 1499 381 1550; x_wconf 90' lang='lat' dir='ltr'>lavacro</span> <span class='ocrx_word' id='word_1_139' title='bbox 438 1503 583 1550; x_wconf 92' lang='lat' dir='ltr'>etiam</span> <span class='ocrx_word' id='word_1_140' title='bbox 631 1508 681 1550; x_wconf 92' lang='lat' dir='ltr'>et</span> <span class='ocrx_word' id='word_1_141' title='bbox 718 1503 852 1550; x_wconf 89' lang='lat' dir='ltr'>vario</span> <span class='ocrx_word' id='word_1_142' title='bbox 893 1500 1001 1550; x_wconf 91' lang='lat' dir='ltr'>cibo</span> <span class='ocrx_word' id='word_1_143' title='bbox 1050 1509 1100 1550; x_wconf 92' lang='lat' dir='ltr'>et</span> <span class='ocrx_word' id='word_1_144' title='bbox 1139 1503 1251 1550; x_wconf 91' lang='lat' dir='ltr'>vino</span> <span class='ocrx_word' id='word_1_145' title='bbox 1291 1503 1604 1551; x_wconf 81' lang='lat' dir='ltr'>resumimus,</span> <span class='ocrx_word' id='word_1_146' title='bbox 1682 1503 1724 1550; x_wconf 91' lang='lat' dir='ltr'>si</span> <span class='ocrx_word' id='word_1_147' title='bbox 1762 1515 1879 1551; x_wconf 89' lang='lat' dir='ltr'>vero</span> 
     </span>
     <span class='ocr_line' id='line_1_20' title="bbox 189 1574 1879 1642; baseline 0.001 -19"><span class='ocrx_word' id='word_1_148' title='bbox 189 1574 500 1639; x_wconf 83' lang='lat' dir='ltr'>frequentius</span> <span class='ocrx_word' id='word_1_149' title='bbox 540 1574 849 1624; x_wconf 90' lang='lat' dir='ltr'>occurrendo</span> <span class='ocrx_word' id='word_1_150' title='bbox 898 1575 1071 1624; x_wconf 87' lang='lat' dir='ltr'>effecta</span> <span class='ocrx_word' id='word_1_151' title='bbox 1111 1574 1261 1624; x_wconf 88' lang='lat' dir='ltr'>fuerit</span> <span class='ocrx_word' id='word_1_152' title='bbox 1299 1574 1514 1624; x_wconf 88' lang='lat' dir='ltr'>valitudo</span> <span class='ocrx_word' id='word_1_153' title='bbox 1555 1574 1781 1642; x_wconf 90' lang='lat' dir='ltr'>chronia,</span> <span class='ocrx_word' id='word_1_154' title='bbox 1826 1577 1879 1625; x_wconf 89' lang='lat' dir='ltr'>in</span> 
     </span>
     <span class='ocr_line' id='line_1_21' title="bbox 125 1647 1878 1715; baseline 0.001 -19"><span class='ocrx_word' id='word_1_155' title='bbox 125 1658 168 1691; x_wconf 82' lang='lat'>20</span> <span class='ocrx_word' id='word_1_156' title='bbox 191 1647 587 1712; x_wconf 89' lang='lat' dir='ltr'>interpellatione</span> <span class='ocrx_word' id='word_1_157' title='bbox 639 1647 905 1712; x_wconf 90' lang='lat' dir='ltr'>praedictis</span> <span class='ocrx_word' id='word_1_158' title='bbox 958 1649 1146 1697; x_wconf 89' lang='lat' dir='ltr'>utimur</span> <span class='ocrx_word' id='word_1_159' title='bbox 1199 1648 1415 1715; x_wconf 85' lang='lat' dir='ltr'>auxiliiS,</span> <span class='ocrx_word' id='word_1_160' title='bbox 1469 1650 1521 1697; x_wconf 92' lang='lat' dir='ltr'>in</span> <span class='ocrx_word' id='word_1_161' title='bbox 1581 1648 1878 1698; x_wconf 91' lang='lat' dir='ltr'>dialimmate</span> 
     </span>
     <span class='ocr_line' id='line_1_22' title="bbox 189 1722 1879 1787; baseline 0.001 -17"><span class='ocrx_word' id='word_1_162' title='bbox 189 1736 306 1770; x_wconf 86' lang='lat' dir='ltr'>vero</span> <span class='ocrx_word' id='word_1_163' title='bbox 359 1723 518 1786; x_wconf 88' lang='lat' dir='ltr'>primo</span> <span class='ocrx_word' id='word_1_164' title='bbox 568 1723 867 1770; x_wconf 89' lang='lat' dir='ltr'>resumimus</span> <span class='ocrx_word' id='word_1_165' title='bbox 915 1723 1047 1770; x_wconf 90' lang='lat' dir='ltr'>varia</span> <span class='ocrx_word' id='word_1_166' title='bbox 1097 1723 1370 1784; x_wconf 85' lang='lat' dir='ltr'>gestatione</span> <span class='ocrx_word' id='word_1_167' title='bbox 1411 1728 1461 1771; x_wconf 90' lang='lat' dir='ltr'>et</span> <span class='ocrx_word' id='word_1_168' title='bbox 1498 1722 1879 1787; x_wconf 84' lang='lat' dir='ltr'>conpetentibus</span> 
     </span>
     <span class='ocr_line' id='line_1_23' title="bbox 189 1794 1877 1861; baseline 0.001 -17"><span class='ocrx_word' id='word_1_169' title='bbox 189 1796 461 1861; x_wconf 83' lang='lat' dir='ltr'>exercitiiS,</span> <span class='ocrx_word' id='word_1_170' title='bbox 516 1794 640 1844; x_wconf 91' lang='lat' dir='ltr'>cibis</span> <span class='ocrx_word' id='word_1_171' title='bbox 695 1797 843 1844; x_wconf 90' lang='lat' dir='ltr'>etiam</span> <span class='ocrx_word' id='word_1_172' title='bbox 897 1795 1171 1844; x_wconf 91' lang='lat' dir='ltr'>secundum</span> <span class='ocrx_word' id='word_1_173' title='bbox 1220 1795 1383 1860; x_wconf 80' lang='lat' dir='ltr'>cyclos</span> <span class='ocrx_word' id='word_1_174' title='bbox 1433 1795 1685 1845; x_wconf 89' lang='lat' dir='ltr'>ordinatis.</span> <span class='ocrx_word' id='word_1_175' title='bbox 1762 1801 1877 1860; x_wconf 90' lang='lat' dir='ltr'>post</span> 
     </span>
     <span class='ocr_line' id='line_1_24' title="bbox 188 1868 1876 1935; baseline 0.001 -18"><span class='ocrx_word' id='word_1_176' title='bbox 188 1883 305 1918; x_wconf 90' lang='lat' dir='ltr'>vero</span> <span class='ocrx_word' id='word_1_177' title='bbox 345 1876 395 1919; x_wconf 91' lang='lat' dir='ltr'>et</span> <span class='ocrx_word' id='word_1_178' title='bbox 433 1870 828 1934; x_wconf 82' lang='lat' dir='ltr'>metasyncritica</span> <span class='ocrx_word' id='word_1_179' title='bbox 861 1868 1206 1934; x_wconf 89' lang='lat' dir='ltr'>subiungimus</span> <span class='ocrx_word' id='word_1_180' title='bbox 1238 1884 1362 1934; x_wconf 88' lang='lat' dir='ltr'>quae</span> <span class='ocrx_word' id='word_1_181' title='bbox 1395 1875 1625 1919; x_wconf 89' lang='lat' dir='ltr'>constant</span> <span class='ocrx_word' id='word_1_182' title='bbox 1649 1885 1708 1918; x_wconf 89' lang='lat' dir='ltr'>ex</span> <span class='ocrx_word' id='word_1_183' title='bbox 1733 1869 1876 1935; x_wconf 90' lang='lat' dir='ltr'>salso,</span> 
     </span>
    </p>
   </div>
   <div class='ocr_carea' id='block_1_3' title="bbox 184 2068 1876 2658">
    <p class='ocr_par' dir='ltr' id='par_1_3' title="bbox 184 2068 1868 2302">
     <span class='ocr_line' id='line_1_25' title="bbox 308 2068 1792 2124; baseline 0.002 -12"><span class='ocrx_word' id='word_1_184' title='bbox 308 2073 330 2112; x_wconf 95' lang='lat'>1</span> <span class='ocrx_word' id='word_1_185' title='bbox 365 2068 432 2112; x_wconf 82' lang='lat' dir='ltr'>eis</span> <span class='ocrx_word' id='word_1_186' title='bbox 464 2069 493 2124; x_wconf 82' lang='lat' dir='ltr'>l,</span> <span class='ocrx_word' id='word_1_187' title='bbox 526 2069 624 2113; x_wconf 89' lang='lat' dir='ltr'>eius</span> <span class='ocrx_word' id='word_1_188' title='bbox 655 2070 698 2113; x_wconf 86' lang='lat' dir='ltr'>h.</span> <span class='ocrx_word' id='word_1_189' title='bbox 821 2074 847 2113; x_wconf 99' lang='grc'>2</span> <span class='ocrx_word' id='word_1_190' title='bbox 881 2083 982 2113; x_wconf 85' lang='lat' dir='ltr'>eam</span> <span class='ocrx_word' id='word_1_191' title='bbox 1013 2070 1063 2113; x_wconf 78' lang='lat' dir='ltr'>h:</span> <span class='ocrx_word' id='word_1_192' title='bbox 1097 2083 1203 2114; x_wconf 90' lang='lat' dir='ltr'>eum</span> <span class='ocrx_word' id='word_1_193' title='bbox 1235 2071 1301 2115; x_wconf 86' lang='lat' dir='ltr'>bl.</span> <span class='ocrx_word' id='word_1_194' title='bbox 1422 2069 1660 2115; x_wconf 85' lang='lat' dir='ltr'>universas</span> <span class='ocrx_word' id='word_1_195' title='bbox 1693 2071 1792 2115; x_wconf 78' lang='lat' dir='ltr'><strong><em>blh.</em></strong></span> 
     </span>
     <span class='ocr_line' id='line_1_26' title="bbox 187 2126 1782 2186; baseline 0.001 -16"><span class='ocrx_word' id='word_1_196' title='bbox 187 2126 420 2184; x_wconf 79' lang='lat' dir='ltr'>calfa(exc.</span> <span class='ocrx_word' id='word_1_197' title='bbox 454 2127 699 2186; x_wconf 80' lang='lat' dir='ltr'>b)]ctiones</span> <span class='ocrx_word' id='word_1_198' title='bbox 729 2128 781 2172; x_wconf 79' lang='lat' dir='ltr'>h:</span> <span class='ocrx_word' id='word_1_199' title='bbox 838 2129 1147 2173; x_wconf 80' lang='lat' dir='ltr'>excalefactus</span> <span class='ocrx_word' id='word_1_200' title='bbox 1180 2130 1209 2175; x_wconf 85' lang='lat' dir='ltr'>Z.</span> <span class='ocrx_word' id='word_1_201' title='bbox 1353 2133 1380 2172; x_wconf 89' lang='lat'><strong>3</strong></span> <span class='ocrx_word' id='word_1_202' title='bbox 1412 2144 1501 2186; x_wconf 89' lang='lat' dir='ltr'>que</span> <span class='ocrx_word' id='word_1_203' title='bbox 1532 2130 1583 2173; x_wconf 77' lang='lat' dir='ltr'>h:</span> <span class='ocrx_word' id='word_1_204' title='bbox 1638 2142 1721 2173; x_wconf 86' lang='lat' dir='ltr'>om.</span> <span class='ocrx_word' id='word_1_205' title='bbox 1755 2130 1782 2174; x_wconf 88' lang='lat' dir='ltr'>l.</span> 
     </span>
     <span class='ocr_line' id='line_1_27' title="bbox 186 2185 1868 2246; baseline 0.002 -16"><span class='ocrx_word' id='word_1_206' title='bbox 186 2200 300 2243; x_wconf 75' lang='lat' dir='ltr'>agra,</span> <span class='ocrx_word' id='word_1_207' title='bbox 331 2187 434 2242; x_wconf 67' lang='lat' dir='ltr'>ba).</span> <span class='ocrx_word' id='word_1_208' title='bbox 556 2191 584 2230; x_wconf 88' lang='grc'><strong>4</strong></span> <span class='ocrx_word' id='word_1_209' title='bbox 615 2186 858 2243; x_wconf 87' lang='lat' dir='ltr'>pinnicillo</span> <span class='ocrx_word' id='word_1_210' title='bbox 891 2188 975 2242; x_wconf 80' lang='lat' dir='ltr'>bh,</span> <span class='ocrx_word' id='word_1_211' title='bbox 1007 2188 1146 2232; x_wconf 85' lang='lat' dir='ltr'>-oello</span> <span class='ocrx_word' id='word_1_212' title='bbox 1180 2189 1207 2231; x_wconf 83' lang='lat' dir='ltr'>l.</span> <span class='ocrx_word' id='word_1_213' title='bbox 1332 2193 1359 2232; x_wconf 86' lang='lat'>5</span> <span class='ocrx_word' id='word_1_214' title='bbox 1392 2190 1660 2244; x_wconf 74' lang='lat' dir='ltr'>perseverat</span> <span class='ocrx_word' id='word_1_215' title='bbox 1691 2185 1868 2246; x_wconf 76' lang='grc' dir='ltr'>(ἐπιμέ-</span> 
     </span>
     <span class='ocr_line' id='line_1_28' title="bbox 184 2245 1750 2302; baseline 0.002 -13"><span class='ocrx_word' id='word_1_216' title='bbox 184 2247 274 2302; x_wconf 80' lang='grc' dir='ltr'>νει)</span> <span class='ocrx_word' id='word_1_217' title='bbox 307 2246 354 2289; x_wconf 80' lang='lat' dir='ltr'>b:</span> <span class='ocrx_word' id='word_1_218' title='bbox 387 2245 753 2302; x_wconf 81' lang='lat' dir='ltr'>perseveraverit</span> <span class='ocrx_word' id='word_1_219' title='bbox 785 2246 814 2298; x_wconf 86' lang='lat' dir='ltr'>l,</span> <span class='ocrx_word' id='word_1_220' title='bbox 845 2247 1155 2302; x_wconf 74' lang='lat' dir='ltr'>permanserit</span> <span class='ocrx_word' id='word_1_221' title='bbox 1184 2248 1228 2292; x_wconf 83' lang='lat' dir='ltr'>h.</span> <span class='ocrx_word' id='word_1_222' title='bbox 1350 2252 1376 2292; x_wconf 89' lang='grc'><strong>6</strong></span> <span class='ocrx_word' id='word_1_223' title='bbox 1411 2246 1678 2292; x_wconf 77' lang='lat' dir='ltr'>cucurbitas</span> <span class='ocrx_word' id='word_1_224' title='bbox 1710 2248 1750 2292; x_wconf 83' lang='lat' dir='ltr'>b.</span> 
     </span>
    </p>

    <p class='ocr_par' dir='ltr' id='par_1_4' title="bbox 188 2304 1876 2362">
     <span class='ocr_line' id='line_1_29' title="bbox 188 2304 1876 2362; baseline 0.002 -15"><span class='ocrx_word' id='word_1_225' title='bbox 188 2309 212 2348; x_wconf 82' lang='grc'>’1</span> <span class='ocrx_word' id='word_1_226' title='bbox 245 2304 463 2349; x_wconf 80' lang='lat' dir='ltr'>universa</span> <span class='ocrx_word' id='word_1_227' title='bbox 493 2318 603 2349; x_wconf 83' lang='lat' dir='ltr'>acra</span> <span class='ocrx_word' id='word_1_228' title='bbox 634 2305 767 2361; x_wconf 81' lang='lat' dir='ltr'>(agra</span> <span class='ocrx_word' id='word_1_229' title='bbox 798 2305 843 2359; x_wconf 82' lang='lat' dir='ltr'>b)</span> <span class='ocrx_word' id='word_1_230' title='bbox 875 2307 1092 2350; x_wconf 81' lang='lat' dir='ltr'>contecta</span> <span class='ocrx_word' id='word_1_231' title='bbox 1125 2305 1225 2362; x_wconf 77' lang='lat' dir='ltr'>(-tis</span> <span class='ocrx_word' id='word_1_232' title='bbox 1258 2306 1327 2362; x_wconf 78' lang='lat' dir='ltr'>lh)</span> <span class='ocrx_word' id='word_1_233' title='bbox 1361 2307 1463 2350; x_wconf 78' lang='lat' dir='ltr'><em>blh.</em></span> <span class='ocrx_word' id='word_1_234' title='bbox 1647 2311 1700 2350; x_wconf 86' lang='lat'>11</span> <span class='ocrx_word' id='word_1_235' title='bbox 1732 2306 1876 2351; x_wconf 75' lang='lat' dir='ltr'>fuerit</span> 
     </span>
    </p>

    <p class='ocr_par' dir='ltr' id='par_1_5' title="bbox 187 2362 1872 2420">
     <span class='ocr_line' id='line_1_30' title="bbox 187 2362 1872 2420; baseline 0.002 -14"><span class='ocrx_word' id='word_1_236' title='bbox 187 2364 314 2419; x_wconf 76' lang='lat' dir='ltr'>(post</span> <span class='ocrx_word' id='word_1_237' title='bbox 345 2362 443 2407; x_wconf 83' lang='lat' dir='ltr'>eius</span> <span class='ocrx_word' id='word_1_238' title='bbox 476 2364 542 2407; x_wconf 79' lang='lat' dir='ltr'>bh</span> <span class='ocrx_word' id='word_1_239' title='bbox 571 2365 639 2407; x_wconf 85' lang='lat' dir='ltr'>vel</span> <span class='ocrx_word' id='word_1_240' title='bbox 671 2363 714 2408; x_wconf 87' lang='lat' dir='ltr'>ei</span> <span class='ocrx_word' id='word_1_241' title='bbox 745 2364 778 2419; x_wconf 82' lang='lat' dir='ltr'>l)</span> <span class='ocrx_word' id='word_1_242' title='bbox 809 2365 916 2410; x_wconf 80' lang='lat' dir='ltr'>add.</span> <span class='ocrx_word' id='word_1_243' title='bbox 949 2365 1128 2419; x_wconf 74' lang='lat' dir='ltr'>(deinde</span> <span class='ocrx_word' id='word_1_244' title='bbox 1158 2365 1235 2409; x_wconf 89' lang='lat' dir='ltr'>vel</span> <span class='ocrx_word' id='word_1_245' title='bbox 1265 2364 1303 2409; x_wconf 84' lang='lat' dir='ltr'>si</span> <span class='ocrx_word' id='word_1_246' title='bbox 1334 2366 1394 2420; x_wconf 83' lang='lat' dir='ltr'>a.)</span> <span class='ocrx_word' id='word_1_247' title='bbox 1426 2365 1493 2410; x_wconf 80' lang='lat' dir='ltr'>lh.</span> <span class='ocrx_word' id='word_1_248' title='bbox 1632 2367 1740 2410; x_wconf 70' lang='lat' dir='ltr'>ante</span> <span class='ocrx_word' id='word_1_249' title='bbox 1772 2379 1872 2411; x_wconf 84' lang='lat' dir='ltr'>mo-</span> 
     </span>
    </p>

    <p class='ocr_par' dir='ltr' id='par_1_6' title="bbox 186 2422 1780 2480">
     <span class='ocr_line' id='line_1_31' title="bbox 186 2422 1780 2480; baseline 0.001 -14"><span class='ocrx_word' id='word_1_250' title='bbox 186 2422 341 2466; x_wconf 87' lang='lat' dir='ltr'>dicum</span> <span class='ocrx_word' id='word_1_251' title='bbox 371 2423 423 2466; x_wconf 80' lang='lat' dir='ltr'>h:</span> <span class='ocrx_word' id='word_1_252' title='bbox 456 2423 564 2466; x_wconf 75' lang='lat' dir='ltr'>ante</span> <span class='ocrx_word' id='word_1_253' title='bbox 595 2422 780 2467; x_wconf 86' lang='lat' dir='ltr'>modico</span> <span class='ocrx_word' id='word_1_254' title='bbox 811 2436 980 2480; x_wconf 82' lang='lat' dir='ltr'>parvus</span> <span class='ocrx_word' id='word_1_255' title='bbox 1011 2425 1093 2480; x_wconf 78' lang='lat' dir='ltr'>(ex&#39;</span> <span class='ocrx_word' id='word_1_256' title='bbox 1113 2424 1263 2480; x_wconf 75' lang='lat' dir='ltr'>yloss.)</span> <span class='ocrx_word' id='word_1_257' title='bbox 1296 2425 1336 2478; x_wconf 84' lang='lat' dir='ltr'>b,</span> <span class='ocrx_word' id='word_1_258' title='bbox 1369 2426 1478 2469; x_wconf 80' lang='lat' dir='ltr'>ante</span> <span class='ocrx_word' id='word_1_259' title='bbox 1509 2424 1718 2469; x_wconf 86' lang='lat' dir='ltr'>modicus</span> <span class='ocrx_word' id='word_1_260' title='bbox 1751 2425 1780 2469; x_wconf 83' lang='lat' dir='ltr'>l.</span> 
     </span>
    </p>

    <p class='ocr_par' dir='ltr' id='par_1_7' title="bbox 185 2480 1872 2539">
     <span class='ocr_line' id='line_1_32' title="bbox 185 2480 1872 2539; baseline 0.002 -15"><span class='ocrx_word' id='word_1_261' title='bbox 185 2480 385 2536; x_wconf 81' lang='lat' dir='ltr'>impedit</span> <span class='ocrx_word' id='word_1_262' title='bbox 416 2482 489 2525; x_wconf 77' lang='lat' dir='ltr'>lh:</span> <span class='ocrx_word' id='word_1_263' title='bbox 523 2481 561 2524; x_wconf 68' lang='lat' dir='ltr'>Sc</span> <span class='ocrx_word' id='word_1_264' title='bbox 590 2480 713 2525; x_wconf 77' lang='lat' dir='ltr'>bibit</span> <span class='ocrx_word' id='word_1_265' title='bbox 744 2483 782 2526; x_wconf 85' lang='lat' dir='ltr'>b.</span> <span class='ocrx_word' id='word_1_266' title='bbox 908 2485 964 2525; x_wconf 82' lang='lat'>14</span> <span class='ocrx_word' id='word_1_267' title='bbox 995 2482 1044 2526; x_wconf 75' lang='lat' dir='ltr'>et</span> <span class='ocrx_word' id='word_1_268' title='bbox 1072 2496 1218 2538; x_wconf 85' lang='lat' dir='ltr'>usque</span> <span class='ocrx_word' id='word_1_269' title='bbox 1251 2483 1326 2527; x_wconf 80' lang='lat' dir='ltr'>lh:</span> <span class='ocrx_word' id='word_1_270' title='bbox 1360 2482 1506 2539; x_wconf 82' lang='lat' dir='ltr'>eiusq3</span> <span class='ocrx_word' id='word_1_271' title='bbox 1539 2485 1579 2529; x_wconf 85' lang='lat' dir='ltr'>b.</span> <span class='ocrx_word' id='word_1_272' title='bbox 1701 2483 1761 2527; x_wconf 83' lang='lat' dir='ltr'>ad</span> <span class='ocrx_word' id='word_1_273' title='bbox 1793 2483 1872 2528; x_wconf 85' lang='lat' dir='ltr'>de-</span> 
     </span>
    </p>

    <p class='ocr_par' dir='ltr' id='par_1_8' title="bbox 186 2539 1872 2658">
     <span class='ocr_line' id='line_1_33' title="bbox 186 2539 1872 2598; baseline 0.002 -14"><span class='ocrx_word' id='word_1_274' title='bbox 186 2539 514 2584; x_wconf 79' lang='lat' dir='ltr'>clinationibus</span> <span class='ocrx_word' id='word_1_275' title='bbox 546 2539 646 2595; x_wconf 85' lang='lat' dir='ltr'>(-ib;</span> <span class='ocrx_word' id='word_1_276' title='bbox 679 2541 722 2596; x_wconf 88' lang='lat' dir='ltr'>b)</span> <span class='ocrx_word' id='word_1_277' title='bbox 756 2541 820 2586; x_wconf 81' lang='lat' dir='ltr'>bl.</span> <span class='ocrx_word' id='word_1_278' title='bbox 930 2544 983 2585; x_wconf 88' lang='lat'>15</span> <span class='ocrx_word' id='word_1_279' title='bbox 1015 2540 1116 2597; x_wconf 89' lang='lat' dir='ltr'>fo(u</span> <span class='ocrx_word' id='word_1_280' title='bbox 1141 2542 1334 2597; x_wconf 82' lang='lat' dir='ltr'>l)mento</span> <span class='ocrx_word' id='word_1_281' title='bbox 1367 2542 1439 2586; x_wconf 85' lang='lat' dir='ltr'>bl:</span> <span class='ocrx_word' id='word_1_282' title='bbox 1471 2542 1551 2586; x_wconf 77' lang='lat' dir='ltr'>-tis</span> <span class='ocrx_word' id='word_1_283' title='bbox 1582 2543 1612 2586; x_wconf 78' lang='lat' dir='ltr'><em>h</em></span> <span class='ocrx_word' id='word_1_284' title='bbox 1636 2543 1872 2598; x_wconf 83' lang='grc' dir='ltr'>(πυρίαις).</span> 
     </span>
     <span class='ocr_line' id='line_1_34' title="bbox 249 2599 1785 2658; baseline 0.001 -15"><span class='ocrx_word' id='word_1_285' title='bbox 249 2603 303 2643; x_wconf 85' lang='grc'>16</span> <span class='ocrx_word' id='word_1_286' title='bbox 334 2599 642 2655; x_wconf 80' lang='lat' dir='ltr'>pessariorum</span> <span class='ocrx_word' id='word_1_287' title='bbox 673 2600 722 2643; x_wconf 77' lang='lat' dir='ltr'>h:</span> <span class='ocrx_word' id='word_1_288' title='bbox 756 2612 838 2645; x_wconf 87' lang='lat' dir='ltr'>om.</span> <span class='ocrx_word' id='word_1_289' title='bbox 872 2600 936 2645; x_wconf 80' lang='lat' dir='ltr'>bl.</span> <span class='ocrx_word' id='word_1_290' title='bbox 1062 2605 1116 2644; x_wconf 82' lang='lat'>17</span> <span class='ocrx_word' id='word_1_291' title='bbox 1150 2600 1382 2644; x_wconf 84' lang='lat' dir='ltr'>malacma</span> <span class='ocrx_word' id='word_1_292' title='bbox 1413 2602 1438 2645; x_wconf 85' lang='lat' dir='ltr'><strong><em>b</em></strong></span> <span class='ocrx_word' id='word_1_293' title='bbox 1471 2601 1669 2658; x_wconf 76' lang='lat' dir='ltr'>(-gma.te</span> <span class='ocrx_word' id='word_1_294' title='bbox 1703 2602 1785 2658; x_wconf 77' lang='lat' dir='ltr'>lh).</span> 
     </span>
    </p>
   </div>
   <div class='ocr_carea' id='block_1_4' title="bbox 186 2657 1870 2834">
    <p class='ocr_par' dir='ltr' id='par_1_9' title="bbox 186 2657 1870 2834">
     <span class='ocr_line' id='line_1_35' title="bbox 189 2657 1870 2716; baseline 0.002 -16"><span class='ocrx_word' id='word_1_295' title='bbox 189 2661 242 2701; x_wconf 88' lang='lat'>18</span> <span class='ocrx_word' id='word_1_296' title='bbox 275 2657 314 2701; x_wconf 90' lang='lat' dir='ltr'>si</span> <span class='ocrx_word' id='word_1_297' title='bbox 345 2671 454 2703; x_wconf 86' lang='lat' dir='ltr'>vero</span> <span class='ocrx_word' id='word_1_298' title='bbox 487 2658 560 2702; x_wconf 77' lang='lat' dir='ltr'>lh:</span> <span class='ocrx_word' id='word_1_299' title='bbox 595 2658 690 2703; x_wconf 84' lang='lat' dir='ltr'>sive</span> <span class='ocrx_word' id='word_1_300' title='bbox 723 2659 762 2703; x_wconf 81' lang='lat' dir='ltr'>b.</span> <span class='ocrx_word' id='word_1_301' title='bbox 902 2662 955 2702; x_wconf 89' lang='grc'>19</span> <span class='ocrx_word' id='word_1_302' title='bbox 988 2659 1038 2702; x_wconf 91' lang='lat' dir='ltr'>in</span> <span class='ocrx_word' id='word_1_303' title='bbox 1066 2659 1116 2703; x_wconf 80' lang='lat' dir='ltr'>h:</span> <span class='ocrx_word' id='word_1_304' title='bbox 1149 2660 1331 2704; x_wconf 83' lang='lat' dir='ltr'>om.·bl.</span> <span class='ocrx_word' id='word_1_305' title='bbox 1475 2664 1532 2704; x_wconf 82' lang='lat'>20</span> <span class='ocrx_word' id='word_1_306' title='bbox 1563 2659 1612 2703; x_wconf 91' lang='lat' dir='ltr'>in</span> <span class='ocrx_word' id='word_1_307' title='bbox 1634 2683 1692 2692; x_wconf 88' lang='lat'>--</span> <span class='ocrx_word' id='word_1_308' title='bbox 1716 2661 1870 2716; x_wconf 81' lang='lat' dir='ltr'>gesta-</span> 
     </span>
     <span class='ocr_line' id='line_1_36' title="bbox 186 2714 1868 2776; baseline 0.001 -16"><span class='ocrx_word' id='word_1_309' title='bbox 186 2714 317 2761; x_wconf 88' lang='lat' dir='ltr'>cione</span> <span class='ocrx_word' id='word_1_310' title='bbox 348 2717 378 2760; x_wconf 76' lang='lat' dir='ltr'><strong><em>h</em></strong></span> <span class='ocrx_word' id='word_1_311' title='bbox 410 2716 525 2772; x_wconf 80' lang='lat' dir='ltr'>(Sor.</span> <span class='ocrx_word' id='word_1_312' title='bbox 558 2720 668 2773; x_wconf 74' lang='lat'>231,</span> <span class='ocrx_word' id='word_1_313' title='bbox 692 2719 792 2773; x_wconf 79' lang='lat'>17):</span> <span class='ocrx_word' id='word_1_314' title='bbox 824 2730 907 2762; x_wconf 89' lang='lat' dir='ltr'>om.</span> <span class='ocrx_word' id='word_1_315' title='bbox 941 2718 1006 2762; x_wconf 85' lang='lat' dir='ltr'>bl.</span> <span class='ocrx_word' id='word_1_316' title='bbox 1141 2717 1191 2761; x_wconf 89' lang='lat' dir='ltr'>in</span> <span class='ocrx_word' id='word_1_317' title='bbox 1221 2718 1473 2763; x_wconf 79' lang='lat' dir='ltr'>lenimento</span> <span class='ocrx_word' id='word_1_318' title='bbox 1506 2719 1579 2775; x_wconf 76' lang='lat' dir='ltr'>(ex</span> <span class='ocrx_word' id='word_1_319' title='bbox 1608 2719 1787 2776; x_wconf 74' lang='lat' dir='ltr'>qlossa).</span> <span class='ocrx_word' id='word_1_320' title='bbox 1820 2718 1868 2762; x_wconf 88' lang='lat' dir='ltr'>in</span> 
     </span>
     <span class='ocr_line' id='line_1_37' title="bbox 187 2774 1863 2834; baseline 0.002 -15"><span class='ocrx_word' id='word_1_321' title='bbox 187 2774 473 2820; x_wconf 78' lang='lat' dir='ltr'>dialimmate</span> <span class='ocrx_word' id='word_1_322' title='bbox 504 2777 545 2820; x_wconf 79' lang='lat' dir='ltr'>h.</span> <span class='ocrx_word' id='word_1_323' title='bbox 680 2781 735 2821; x_wconf 83' lang='lat'>22</span> <span class='ocrx_word' id='word_1_324' title='bbox 770 2776 923 2833; x_wconf 80' lang='lat' dir='ltr'>cyclos</span> <span class='ocrx_word' id='word_1_325' title='bbox 953 2777 1002 2822; x_wconf 79' lang='lat' dir='ltr'>h:</span> <span class='ocrx_word' id='word_1_326' title='bbox 1037 2776 1165 2821; x_wconf 83' lang='lat' dir='ltr'>cibus</span> <span class='ocrx_word' id='word_1_327' title='bbox 1196 2777 1235 2832; x_wconf 83' lang='lat' dir='ltr'>b,</span> <span class='ocrx_word' id='word_1_328' title='bbox 1269 2777 1425 2834; x_wconf 83' lang='lat' dir='ltr'>cyclus</span> <span class='ocrx_word' id='word_1_329' title='bbox 1457 2778 1485 2822; x_wconf 82' lang='lat' dir='ltr'>l.</span> <span class='ocrx_word' id='word_1_330' title='bbox 1629 2782 1685 2821; x_wconf 86' lang='grc'>23</span> <span class='ocrx_word' id='word_1_331' title='bbox 1718 2777 1863 2822; x_wconf 77' lang='lat' dir='ltr'>meta.-</span> 
     </span>
    </p>
   </div>
   <div class='ocr_carea' id='block_1_5' title="bbox 186 2833 1297 2881">
    <p class='ocr_par' dir='ltr' id='par_1_10' title="bbox 186 2833 1297 2881">
     <span class='ocr_line' id='line_1_38' title="bbox 186 2833 1297 2881; baseline 0.002 -3"><span class='ocrx_word' id='word_1_332' title='bbox 186 2833 430 2880; x_wconf 82' lang='lat' dir='ltr'>sincretica.</span> <span class='ocrx_word' id='word_1_333' title='bbox 463 2835 562 2880; x_wconf 76' lang='lat' dir='ltr'><strong><em>bzh.</em></strong></span> <span class='ocrx_word' id='word_1_334' title='bbox 685 2835 903 2880; x_wconf 71' lang='lat' dir='ltr'>constant</span> <span class='ocrx_word' id='word_1_335' title='bbox 932 2836 981 2880; x_wconf 78' lang='lat' dir='ltr'>h:</span> <span class='ocrx_word' id='word_1_336' title='bbox 1015 2835 1200 2880; x_wconf 77' lang='lat' dir='ltr'>constat</span> <span class='ocrx_word' id='word_1_337' title='bbox 1230 2836 1297 2881; x_wconf 80' lang='lat' dir='ltr'>bl.</span> 
     </span>
    </p>
   </div>
  </div>
 </body>
</html>
