2014 3162
742 127 1136 181 —365—

102 259 186 311 καὶ
223 260 292 320 εἰς
329 255 387 309 τὰ
425 256 608 326 πλάγια
645 263 998 328 παρεγκλίνων,
1036 259 1096 314 ὃν
1125 261 1307 328 τρόπον
1339 264 1393 315 ἐν
1423 271 1526 326 ταῖς
1556 269 1782 332 κομιδαῖς

102 343 315 410 γίγνεται
359 344 456 391 τῶν
503 337 735 395 ὀδόντων.
812 341 937 395 οὕτω
984 340 1084 411 γὰρ
1123 340 1219 395 ὑπὸ
1266 349 1350 410 τῆς
1390 348 1608 412 μοχλείας
1647 367 1783 413 μετα-

103 418 513 490 σχηματιζόμενον
558 419 610 473 τὸ
658 423 873 491 ἔμβρυον
918 423 1033 486 τούς
1076 445 1124 476 τε
1169 422 1350 486 τόπους
1395 423 1652 493 ἆνευρύνει
1701 429 1782 479 καὶ

105 500 390 569 εὖκόμιστον
428 501 691 571 γενήσεται.
749 503 902 576 τούτῳ
943 505 997 557 δὲ
1035 511 1099 576 τῷ
1128 503 1290 576 τρόπῳ
1324 508 1492 567 δεξιῶς
1521 503 1784 573 ὑπηρετού-

103 604 255 651 μενον
308 584 606 650 καθιέμενον
659 582 745 637 τὸν
791 585 992 654 λιχανὸν
1038 585 1280 639 δάκτυλον
1326 585 1500 653 μεταξὺ
1545 592 1632 639 τοῦ
1677 605 1782 641 στο-

103 667 218 731 μίου
262 669 349 731 τῆς
394 661 595 732 ὑστέρας
641 667 723 717 καὶ
761 673 846 718 τοῦ
886 668 1240 734 ἐσφηνωμένου
1280 667 1498 734 σώματος
1535 668 1783 738 περιάγειν

101 751 401 813 κυκλοτερῶς
440 747 591 798 οἱονεὶ
629 748 942 814 περιδέροντα
980 749 1062 800 καὶ
1093 747 1371 802 εὐθύνοντα
1401 747 1452 802 τὸ
1479 750 1783 817 ἓτεροκλινῶς

103 825 395 894 φερόμενον,
433 828 516 878 καὶ
552 824 666 889 τοὺς
704 826 885 891 τόπους
924 830 1066 899 ἐλαίῳ
1105 835 1275 900 θερμῷ
1314 830 1585 897 διαβρέχειν
1622 829 1657 897 ἥ
1690 852 1782 882 τινι

101 913 199 960 τῶν
253 907 522 975 εἰρημένων
576 910 815 975 γλίσχρων
868 907 1223 976 ἆφεψημάτων.
1314 908 1434 961 κατὰ
1488 911 1648 977 μέντοι
1699 909 1784 963 τὸν

103 994 200 1041 τῶν
254 984 607 1057 ἐμβρυούλκων
653 987 960 1055 ἐπισπασμὸν
1007 987 1071 1057 μὴ
1120 988 1305 1052 εὐθέως
1343 988 1679 1052 ὑπακούοντος
1717 993 1784 1053 εἰς

102 1067 307 1136 ἐξολκὴν
352 1075 438 1122 τοῦ
486 1067 727 1137 ἐμβρύου,
774 1067 880 1121 κατ’
931 1068 1097 1139 ὀλίγον
1147 1071 1200 1122 δὲ
1238 1072 1321 1122 καὶ
1358 1069 1481 1139 πρὸς
1517 1069 1664 1139 λόγον
1700 1077 1785 1138 τῆς

104 1151 303 1217 ἐξολκῆς
334 1151 807 1216 ἐπακολονθοῦντος,
831 1148 917 1202 τὸν
950 1150 1039 1217 μὲν
1068 1157 1262 1218 πρῶτον
1293 1153 1628 1219 ἐμβρυοῦλκον
1652 1173 1785 1218 μετα-

102 1234 287 1299 πείρειν
341 1233 409 1293 εἰς
453 1228 510 1282 τὰ
550 1227 871 1298 ὑπερκείμενα
918 1230 1103 1298 δεήσει,
1157 1231 1360 1284 κᾶπειτα
1404 1230 1488 1284 τὸν
1542 1231 1784 1299 δεύτερον,

29 1308 35 1313 ’
103 1313 187 1364 καὶ
239 1316 379 1364 τοῦτο
427 1310 547 1363 κατὰ
593 1309 729 1373 τάξιν
774 1312 865 1373 ἕως
913 1308 978 1363 ἂν
1024 1310 1140 1364 ’ὅλον
1178 1311 1229 1365 τὸ
1267 1318 1353 1364 τοῦ
1393 1311 1607 1380 ἐμβρύου
1647 1318 1785 1379 σῶμα

106 1390 354 1461 διοδεύσῃ.
432 1389 660 1454 ὡσαύτως
700 1392 754 1444 δὲ
793 1393 1005 1461 ἐνεργεῖν
1042 1389 1138 1444 κᾶν
1177 1393 1255 1444 ἐπὶ
1294 1391 1451 1455 πόδας
1490 1394 1705 1461 φέρηται.

256 1478 340 1525 63.
407 1473 809 1541 προβεβλημένου
865 1473 918 1525 δὲ
973 1476 1135 1541 χερίου
1183 1470 1249 1535 ὡς
1300 1475 1383 1525 καὶ
1428 1472 1781 1543 ἀνατρέπεσθαι

107 1554 172 1623 μὴ
229 1555 511 1622 δυναμένου
567 1552 649 1606 διὰ
703 1552 792 1622 τὴν
838 1552 1242 1622 ὑπερβάλλουσαν
1286 1553 1565 1622 σφήνωσιν,
1617 1553 1649 1622 ἢ
1703 1558 1783 1608 καὶ

67 1635 500 1704 ’ἆποτεθνηκότος
552 1636 650 1704 ἤδη
704 1642 791 1689 τοῦ
845 1635 1087 1704 ἐμβρύου,
1140 1634 1312 1698 καθὼς
1351 1634 1687 1704 συμβάλλομεν
1732 1639 1784 1690 ἐκ

106 1723 192 1771 τοῦ
229 1715 344 1785 μήτε
376 1718 634 1785 ἐνερευθὲς
666 1715 791 1770 εἶναι
820 1715 873 1769 τὸ
907 1718 1050 1785 μέρος
1080 1715 1194 1784 μήτε
1217 1715 1406 1785 θερμὸν
1438 1715 1554 1784 μήτε
1579 1716 1784 1783 σφύζον,

103 1797 273 1852 πελιὸν
312 1799 366 1850 δὲ
405 1800 488 1850 καὶ
525 1797 722 1866 ψυχρὸν
751 1799 833 1850 καὶ
863 1797 1131 1864 ἄσφυκτον,
1171 1796 1520 1866 περιβάλλοντα
1552 1801 1630 1850 δεῖ
1656 1794 1782 1867 ῥάκη

106 1883 174 1943 εἰς
227 1878 280 1933 τὸ
335 1878 400 1948 μὴ
449 1878 751 1933 ὀλισθαίνειν
796 1885 961 1941 ποσῶς
1006 1881 1331 1944 ἐπισπᾶσθαι,
1384 1877 1680 1946 κατασχόντα
1731 1879 1784 1931 δὲ

104 1960 228 2029 πρὸς
272 1959 324 2015 τὸ
371 1962 701 2030 ἐμφανέστερα
745 1962 977 2030 γενέσθαι
1023 1983 1079 2011 τα
1126 1957 1443 2028 ὑπερκείμενα
1488 1957 1785 2013 ἀποκόπτειν

105 2041 204 2096 ἀπὸ
256 2048 344 2096 τοῦ
388 2063 510 2095 κατα
554 2041 640 2095 τὸν
687 2045 822 2110 ὦμον
868 2041 1078 2109 άρθρου.
1153 2039 1205 2093 τὸ
1252 2041 1305 2092 δε
1351 2039 1468 2092 αὐτὸ
1506 2047 1666 2093 ποιεῖν
1702 2041 1786 2091 καὶ

111 2124 311 2186 σκέλους
347 2122 692 2192 προπεσόντος.
759 2120 858 2175 εἶτα
895 2130 994 2184 τοῖς
1035 2118 1289 2184 δακτύλοις
1326 2120 1695 2190 ἀναστρέψαντα
1731 2119 1784 2173 τὸ

108 2203 224 2258 ἄλλο
256 2210 393 2271 σῶμα
418 2202 501 2256 διὰ
524 2210 608 2272 τῆς
631 2202 974 2272 καταπάρσεως
996 2208 1093 2255 τῶν
1117 2201 1466 2270 ἐμβρυούλκων
1487 2205 1782 2270 κομίζεσθαι.

227 2339 251 2379 7
283 2331 617 2405 περιδέροντας
648 2333 728 2378 καὶ
761 2330 1055 2383 εὐθύνοντας
1087 2347 1110 2377 c
1141 2334 1274 2388 (corr.
1300 2332 1369 2387 E).
1492 2333 1545 2375 12
1578 2328 1661 2375 τὸν
1692 2344 1782 2376 om.

107 2407 132 2438 c
165 2392 290 2450 (add.
321 2393 395 2448 D).
517 2409 682 2437 οντινα
715 2394 840 2451 (anbe
872 2394 1054 2463 μεταπ.)
1088 2406 1111 2435 c
1152 2391 1259 2447 (del.
1291 2391 1360 2448 E).
1483 2387 1784 2448 μεταπείρειν

107 2465 152 2496 c:
200 2450 483 2509 μεταφέρειν
513 2451 645 2497 Paul.
798 2457 852 2497 15
885 2448 1101 2501 ὡσαύτως
1126 2476 1180 2482 -
1206 2449 1407 2506 φέρηται
1439 2463 1529 2493 om.
1562 2449 1599 2493 E
1631 2448 1706 2506 (cf.
1738 2464 1782 2505 p.

106 2513 291 2568 367‚9).
437 2516 490 2555 16
522 2512 680 2584 χερίου
711 2511 864 2556 PauL·
889 2511 951 2583 τῆ
984 2509 1101 2567 χειρὶ
1135 2513 1348 2554 0.19
1382 2506 1557 2564 σφύζον
1588 2509 1646 2552 E:
1680 2509 1784 2564 σφί-

108 2571 204 2623 ζειν
236 2584 273 2614 c.
426 2575 483 2614 20
514 2568 757 2640 α’σφυκτον
788 2571 847 2614 E:
880 2565 1095 2626 αψυκτον
1129 2582 1165 2612 c
1318 2572 1373 2611 22
1406 2567 1458 2611 τὸ
1491 2567 1549 2610 E:
1596 2564 1654 2611 τὰ
1686 2581 1722 2611 o.

109 2633 165 2673 23
204 2625 256 2672 τὸ
298 2628 351 2674 δὲ
392 2655 448 2662 -—-
486 2626 804 2699 προπεσόντος
857 2643 945 2673 om.
992 2627 1029 2670 E
1078 2630 1148 2684 (ut
1194 2640 1332 2683 supra
1375 2628 1553 2697 v.15)‚
1601 2626 1680 2670 sed
1727 2625 1782 2668 cf.

107 2686 300 2732 Paulus:
333 2684 504 2745 ὁμοίως
528 2687 581 2733 δὲ
607 2689 687 2733 καὶ
710 2684 821 2738 τοὺς
849 2686 1000 2738 πόδας
1015 2687 1375 2757 προπίπτοντας
1406 2682 1467 2742 μὴ
1501 2687 1783 2728 συνακολου-

108 2747 313 2798 θοῦντος
342 2748 426 2791 τοῦ
460 2747 623 2792 λοιποῦ
645 2744 888 2819 σώματος,
935 2742 1030 2791 άπὸ
1063 2746 1156 2790 τῶν
1191 2742 1441 2817 βουβώνων
1471 2739 1781 2787 άποκοπτέον.

109 2803 271 2850 ἔπειτα
308 2806 570 2863 πειρᾶσθαι
609 2803 660 2850 τὸ
701 2802 866 2850 λοιπὸν
907 2807 1037 2862 σῶμα
1077 2803 1378 2860 διαστρέφειν
1413 2801 1599 2859 (similia
1629 2816 1784 2846 rerum

112 2864 271 2910 ordine
302 2866 482 2911 mutato
515 2865 630 2910 alibi
658 2864 854 2921 Aeffius).

1809 1014 1850 1045 10

1807 1415 1850 1447 15

1807 1818 1850 1851 20

1807 2221 1850 2254 25
