2014 3162
753 137 1008 190 —309
1091 168 1152 176 —-

105 292 202 324 των
241 267 324 322 διὰ
363 275 459 322 τῶν
498 270 873 338 ἐμβαλλομένων
911 274 1080 322 τιλτῶν
1127 271 1417 338 ε’λλυχνίων,
1464 273 1546 324 ἴνα
1594 271 1659 340 μὴ
1709 272 1793 326 διὰ

105 357 202 405 τῶν
255 346 418 404 άλλων
479 352 841 419 λιπαινομένων
903 355 1000 403 τῶν
1061 355 1247 419 μερῶν,
1307 353 1514 422 κωλυθῇ
1576 352 1633 405 τὰ
1695 357 1794 427 ζῷα

105 432 338 499 ἅψασθαι
376 438 473 486 τῶν
512 433 799 501 ἑλκομένων.
846 430 961 499 μετὰ
1006 431 1061 484 δὲ
1097 429 1188 500 τὴν
1225 428 1512 485 ἆπόπτωσιν
1552 431 1714 486 αὐτῶν
1753 437 1797 487 εἰ

106 514 194 582 μὲν
232 511 399 583 ὀλίγον
437 517 512 581 εἴη
550 511 603 566 τὸ
642 511 970 567 ἀποσπασθὲν
1007 511 1158 582 αἷμα,
1191 511 1362 576 σικύας
1401 514 1684 582 ἔπιβλητέον
1722 513 1796 578 οἷς

106 596 348 664 ἐνδέχεται
378 594 564 662 τόποις,
595 597 639 648 εἰ
669 595 722 648 δὲ
756 593 840 663 μή,
871 598 1130 664 τιλματίοις
1161 595 1454 648 σκεπαστέον
1483 593 1540 647 τὰ
1574 594 1794 665 δήγματα
1819 618 1842 652 5

105 678 187 730 καὶ
225 675 329 729 κατ’
385 675 548 730 αὐτῶν
594 677 905 746 ἕλαιοβραχὲς
949 675 1003 730 τὸ
1050 672 1262 730 ὄθόνιον
1307 677 1648 744 ἕφαπλωτέον,
1700 674 1799 730 εἶτα

108 759 257 826 ἔριον.
312 759 544 810 ε’ντεῦθεν
569 757 623 810 δὲ
653 764 754 820 τοῖς
783 764 1090 826 χαλαστικοῖς
1121 758 1354 827 χρηστέον
1383 757 1799 826 καταπλάσμασιν,

106 836 215 912 οἷον
253 838 383 911 ἄρτῳ
425 836 540 906 μετὰ
579 843 784 906 πιμελῆς
821 837 1110 906 προσφάτου
1151 839 1429 908 φυραθέντι
1467 837 1603 902 ὗείας
1637 847 1801 908 τεθερ-

104 921 352 988 μασμένης
384 917 417 987 ἢ
458 918 573 988 μετὰ
611 924 710 972 τῶν
750 922 897 989 ῥιζῶν
933 925 1019 987 τῆς
1057 918 1230 989 ἀγρίας
1269 919 1487 989 μαλάχης
1524 918 1801 988 ἡψημένων

107 1003 190 1054 καὶ
228 1006 388 1064 καλῶς
418 1006 741 1054 λειανθεισῶν
771 998 803 1069 ἢ
842 1001 1147 1070 λινοσπέρμῳ
1188 999 1303 1069 μετὰ
1342 1000 1528 1070 γύρεως
1559 999 1590 1070 ἢ
1622 1001 1800 1070 τήλεως
1824 1023 1867 1055 10

109 1080 140 1151 ἢ
187 1090 287 1147 τοῖς
332 1084 488 1152 τρισὶν
532 1080 622 1151 ὑφ’
667 1086 729 1136 ἓν
775 1080 1052 1153 ἡψημένοις
1099 1080 1214 1151 μετὰ
1260 1083 1425 1136 ἐλαίου
1478 1084 1561 1134 καὶ
1615 1083 1801 1151 μέλιτος

105 1165 187 1217 καὶ
225 1170 312 1218 τοῦ
351 1163 677 1233 ἆφεψήματος
715 1170 800 1233 τῆς
839 1163 1058 1234 μαλάχης
1095 1162 1128 1233 ἢ
1167 1163 1362 1233 τήλεως.
1444 1162 1707 1218 ἆλλακτέον
1746 1165 1799 1216 δὲ

109 1244 167 1297 τὰ
206 1251 373 1314 πρῶτα
412 1251 640 1314 συνεχῶς.
703 1243 786 1298 διὰ
824 1244 918 1315 γὰρ
955 1251 1041 1313 τῆς
1081 1246 1320 1313 ἐπιμονῆς
1356 1246 1440 1297 καὶ
1477 1244 1685 1313 ψύχεται
1717 1247 1800 1297 καὶ

107 1325 403 1390 ἆποξύνεται
433 1325 515 1380 διὰ
547 1325 636 1394 τὴν
668 1328 720 1380 ἐκ
750 1333 836 1395 τῆς
868 1333 1146 1396 φλεγμονῆς
1176 1325 1412 1395 πύρωσιν.
1469 1324 1798 1394 ἐμπεπλάσθω

106 1407 160 1460 δὲ
207 1406 324 1476 μήτε
370 1409 451 1461 ἐπὶ
496 1406 672 1461 λεπτὸν
717 1407 869 1478 ἄγαν,
915 1410 996 1461 καὶ
1049 1407 1141 1478 γὰρ
1180 1406 1388 1477 ψύχεται
1427 1406 1678 1475 συντόμως
1716 1408 1798 1460 καὶ
1825 1426 1867 1460 15

105 1491 382 1557 ξηραίνεται
455 1490 659 1558 ῥαδίως,
729 1487 845 1556 μήτε
914 1490 993 1541 ε’πὶ
1061 1487 1241 1557 πάχος,
1311 1493 1528 1557 βαρεῖται
1589 1487 1681 1556 γὰρ
1742 1486 1800 1540 τὰ

105 1573 478 1639 φλεγμαίνοντα.
555 1570 788 1637 χρηστέον
842 1570 896 1622 δὲ
949 1571 1032 1622 καὶ
1082 1575 1139 1640 τῇ
1201 1573 1268 1634 εἰς
1314 1568 1404 1637 τὴν
1454 1570 1604 1637 ἕδραν
1649 1570 1802 1622 ἕνέσει

103 1657 191 1704 τοῦ
235 1656 426 1719 θερμοῦ
472 1651 637 1703 ἐλαίου
685 1651 821 1719 μέχρι
874 1650 1085 1704 κυάθων
1138 1649 1410 1719 τεσσάρων,
1464 1652 1546 1703 καὶ
1598 1656 1799 1712 πεσσοῖς

106 1729 426 1800 ἄπεριέργοις.

220 1819 302 1865 12.
356 1808 629 1881 ἐξήμαρτον
673 1811 766 1882 γὰρ
816 1815 875 1865 οἱ
915 1814 1161 1866 παλαιοὶ
1207 1810 1324 1876 τοὺς
1373 1809 1687 1882 αἷμαγωγοὺς
1723 1817 1795 1863 λε·
1823 1832 1866 1864 20

105 1894 345 1962 γομένους
376 1891 687 1957 έντάσσοντες
718 1895 787 1956 εἰς
817 1892 1169 1962 κατασπασμὸν
1201 1895 1403 1962 αἵματος
1433 1893 1516 1945 καὶ
1546 1890 1799 1960 ποτήματα

105 1972 163 2026 τὰ
203 1972 328 2026 αὐτὰ
366 1975 594 2042 παρέχειν
633 1973 903 2043 δυνάμενα,
944 1972 1035 2043 οὐχ
1074 1971 1281 2042 ὁρῶντες
1321 1972 1394 2027 ὅτι
1430 1971 1488 2026 τὰ
1528 1972 1617 2040 μὲν
1655 1970 1801 2040 ποτή-

108 2076 232 2122 ματα
271 2059 468 2124 φθείρει
505 2056 588 2107 καὶ
626 2053 884 2124 ἀνατρέπει
920 2053 1006 2108 τὸν
1045 2052 1312 2123 στόμαχον,
1363 2053 1421 2106 τά
1461 2053 1514 2106 δὲ
1552 2049 1803 2121 πρόσθετα

106 2134 410 2199 καταξύοντα
453 2134 545 2204 τὴν
589 2133 800 2204 ὑστέραν
845 2138 1048 2206 ἐσχαροῖ
1085 2137 1167 2189 καὶ
1215 2133 1298 2188 διὰ
1343 2140 1483 2189 τοῦτο
1532 2132 1802 2197 δυσλύτους

107 2218 188 2270 καὶ
224 2220 433 2286 βαθείας
466 2218 550 2269 καὶ
584 2215 852 2284 κακοήθεις
888 2216 1112 2280 ἓλκώσεις
1147 2215 1369 2270 ἀποτελεῖ
1404 2216 1487 2268 καὶ
1526 2212 1681 2282 οὐλὴν
1719 2215 1799 2268 ἐπὶ
1824 2235 1868 2269 25

105 2296 191 2360 τὰς
214 2297 436 2361 ἕλκώσεις
460 2301 717 2367 γίγνεσθαι
740 2304 876 2350 ποιεῖ
892 2297 1052 2366 πάσης
1077 2295 1253 2366 σαρκὸς
1269 2302 1355 2365 τῆς
1371 2294 1493 2348 κατὰ
1511 2294 1664 2363 φύσιν
1680 2316 1802 2349 πυκ-

107 2379 311 2447 νοτέραν
335 2374 492 2432 οὖσαν
523 2377 641 2432 ὥστε
671 2377 761 2447 τὴν
785 2379 1005 2447 ἔμμηνον
1027 2377 1274 2446 κάθαρσιν
1302 2378 1504 2446 ἐπέχειν.
1526 2375 1580 2431 τὸ
1607 2377 1661 2430 δὲ
1685 2375 1802 2430 ’ὅλον

108 2457 300 2512 ἅπαντα
346 2458 405 2512 τὰ
452 2465 650 2513 τοιαῦτα
694 2458 948 2528 ποτήματα
994 2461 1076 2514 καὶ
1120 2458 1369 2529 πρόσθετα
1416 2461 1634 2527 δριμείας
1681 2456 1802 2512 ὅντα

228 2646 253 2685 3
289 2638 573 2699 ἒλκομένωνε
614 2638 892 2700 ἠλεωμένων
926 2655 950 2686 c
983 2638 1306 2714 (ἠλαιωμένων
1338 2640 1408 2699 Ε).
1592 2645 1617 2684 6
1653 2635 1800 2684 ἔλαιο-

113 2698 358 2759 βραχέσθω
392 2697 602 2745 ὀθώνιον
633 2700 714 2745 καὶ
748 2698 823 2758 ἐφ.
858 2715 882 2746 0
917 2702 977 2757 (τι
1009 2703 1086 2747 σθ’.
1121 2701 1191 2758 Ε).
1323 2705 1350 2744 9
1385 2695 1652 2757 ἕψημένης.
1672 2700 1802 2743 ..Ze-

111 2755 328 2815 ανθήσης
353 2773 377 2803 c
404 2762 536 2815 (corr.
561 2760 635 2818 E).
791 2764 847 2805 10
879 2758 1192 2818 λινοσπέρμου
1227 2773 1251 2805 c
1284 2763 1419 2815 (corr.
1446 2758 1515 2813 E).
1639 2762 1695 2801 20
1729 2752 1802 2800 ε’ν-

111 2812 358 2889 τοέσσοντες
389 2818 446 2862 E:
485 2815 744 2877 ἐκτάσομεν
777 2833 815 2863 ο.
961 2824 1017 2864 26
1050 2825 1181 2864 ποιεῖ
1208 2818 1369 2865 addidi
1402 2820 1507 2873 (om.
1543 2818 1600 2873 c).
1745 2819 1800 2859 27

114 2890 261 2922 ουσαν
291 2877 351 2922 E:
385 2873 528 2934 οὔσης
561 2892 597 2923 c.
