2014 3162
233 736 490 786 Conradus
525 735 776 785 Gesnerus
811 736 1099 785 Turicensis
1134 736 1319 799 aliquot
1353 737 1492 783 annis
1529 742 1645 785 ante<
1683 751 1810 784 mor-

121 818 223 859 tem
264 826 358 874 qua
399 817 712 875 praematura
751 809 931 859 litteris
972 817 1173 874 ereptus
1210 816 1286 857 est
1318 804 1427 875 (13.
1477 808 1588 858 Dec.
1644 803 1808 876 1565)

119 899 274 948 paene
342 885 816 950 quinquagenariuS,
887 899 998 932 cum
1063 885 1374 947 Augustanae
1437 881 1576 931 urbis
1638 881 1809 931 biblio-

118 958 312 1006 thecam
375 957 724 1023 perlustraret,
788 959 1180 1022 manuscriptum
1235 957 1455 1021 repperit
1507 957 1809 1020 Μοσχίωνος

117 1031 376 1080 cuiusdam
409 1030 591 1079 librum
623 1029 731 1095 περὶ
763 1031 1059 1097 γυναικείων
1082 1033 1264 1079 παθῶν
1304 1023 1462 1097 (nunc
1488 1029 1594 1079 cod.
1619 1029 1806 1079 Monac.

116 1102 224 1154 511
267 1105 420 1153 chart.
462 1119 498 1153 s,
539 1098 687 1172 XVI),
729 1119 877 1168 quem
917 1110 972 1153 ut
1013 1104 1182 1152 ederet
1215 1109 1415 1152 senatus
1447 1105 1694 1168 permissu
1727 1103 1806 1151 ab·

116 1177 267 1226 latum
301 1194 414 1226 mox
446 1179 645 1242 propria
679 1193 826 1227 manu
857 1173 1151 1244 „reversus“
1179 1176 1442 1241 descripsit
1469 1183 1614 1241 atque
1641 1192 1804 1225 emen-

114 1247 314 1318 davit.¹)
362 1253 412 1300 in
453 1267 550 1315 quo
591 1254 788 1315 negotio
829 1251 1051 1300 adhibuit
1083 1251 1306 1300 eiusdem
1338 1253 1554 1299 auctoris
1580 1251 1801 1300 codicem

115 1324 320 1374 latinum
376 1319 534 1392 (nunc
575 1321 1090 1390 Hafniensem=h),
1143 1339 1288 1389 quem
1338 1318 1497 1391 (post
1549 1326 1805 1373 inventum

116 1393 405 1466 graecum2)
491 1394 916 1464 „inspiciendum“
985 1401 1186 1446 miserat
1248 1397 1501 1446 Michaelis
1575 1396 1807 1462 Isingrini

116 1487 267 1535 gener
322 1471 534 1520 Thomas
594 1472 840 1521 Guarinus
894 1470 1041 1535 Belga
1096 1471 1431 1536 typographus
1485 1470 1797 1520 BasileensiS.

115 1546 286 1593 eodem
328 1545 504 1594 deinde
541 1546 881 1610 „diversorum
922 1541 1183 1594 autorum“
1221 1544 1347 1593 libro
1388 1544 1537 1593 latino
1572 1561 1692 1594 usus
1726 1553 1803 1594 est

113 1633 239 1666 anno
291 1613 487 1684 15643)
535 1626 590 1668 ut
634 1615 1014 1683 „Harmoniam“
1060 1634 1198 1667 suam
1240 1617 1597 1683 Gynaeciorum
1655 1620 1803 1667 confi-

114 1699 251 1740 ceret
298 1691 543 1756 Casparus
591 1692 799 1741 Wolfius
847 1691 1056 1741 Gesneri
1104 1698 1152 1740 et
1204 1691 1475 1755 discipulus
1516 1698 1565 1741 et
1604 1694 1655 1740 in
1696 1709 1801 1742 mu-

114 1780 233 1813 nere
288 1766 565 1814 academico
622 1781 903 1832 successor,
959 1768 1040 1814 cui
1095 1781 1207 1814 mox
1256 1773 1304 1814 et
1351 1767 1515 1830 ipsum
1571 1781 1804 1829 graecum

114 1837 450 1887 Moschionem
498 1855 610 1888 cum
659 1839 766 1888 aliis
815 1841 1012 1904 scriptis
1060 1841 1163 1888 suis
1211 1839 1514 1903 imperfectis
1563 1834 1804 1907 (botanici

115 1913 340 1976 inprimis
382 1915 544 1977 operis
585 1919 819 1978 apparatu
862 1906 1212 1980 celeberrimo)
1258 1914 1531 1962 moriturus
1570 1913 1650 1962 ille
1691 1913 1802 1962 reli-

114 1987 234 2050 quit,
272 2001 447 2050 parum
480 1987 677 2050 quidem
713 1987 771 2035 ad
804 1986 936 2035 hunc
968 1986 1186 2035 laborem
1220 1986 1500 2053 sufficienti,
1540 1988 1634 2035 nisi
1669 1987 1800 2051 quod

111 2057 446 2108 Moschionem
495 2075 521 2107 a
562 2059 782 2109 Gesnero
831 2061 1145 2109 emendatum
1193 2075 1305 2108 cum
1355 2059 1563 2108 Gesneri
1602 2061 1799 2109 adnota-

112 2131 343 2194 tionihm,
377 2133 435 2181 ad
470 2133 652 2182 calcem
679 2135 902 2198 corporis
928 2133 1284 2198 Gynaeciorum
1310 2148 1406 2182 una
1433 2149 1546 2182 cum
1572 2141 1794 2183 veterum

110 2206 307 2255 illorum
332 2214 590 2256 auctorum
623 2207 877 2255 harmonia
903 2202 1043 2274 (anni
1073 2201 1239 2274 1564)
1265 2206 1326 2253 W
1330 2206 1503 2255 olfiana
1528 2223 1554 2256 a
1580 2207 1795 2257 Guarino

109 2278 326 2328 Basileae
359 2295 397 2328 a.
430 2275 626 2347 15664)
666 2282 913 2347 impressi,
953 2295 1125 2329 revera
1166 2281 1333 2345 edidit,
1375 2283 1666 2345 scriptorem
1699 2297 1798 2330 non

109 2353 382 2419 „Graecum
430 2350 727 2419 recentem“,
780 2354 864 2403 sed
906 2354 1134 2403 Latinum
1175 2369 1201 2402 a
1241 2353 1427 2402 Graeco
1470 2354 1680 2418 quodam
1721 2370 1795 2404 re-

109 2435 265 2485 cente,
299 2434 354 2476 ut
385 2427 573 2476 ferebat
605 2443 776 2477 aevum
810 2427 979 2476 talium
1003 2429 1287 2476 versionum
1313 2428 1448 2476 ferax
1475 2422 1560 2495 (cf.
1586 2427 1794 2477 Hermes

107 2499 165 2565 ΙΙ,
209 2494 364 2567 146),
410 2500 710 2550 verbotenus
751 2516 861 2549 cum
904 2501 1179 2550 scribarum
1218 2501 1481 2550 latinorum
1523 2503 1653 2550 vitiis
1695 2517 1793 2550 om·

107 2573 253 2622 nibus
298 2574 609 2639 translatum,
665 2575 785 2623 adeo
833 2574 1020 2623 insulse
1067 2581 1145 2640 ut,
1191 2574 1306 2623 licet
1364 2570 1663 2641 Graecus⁵)‚
1719 2575 1792 2623 vel

108 2662 282 2711 graece
312 2650 535 2697 exercitii
560 2663 704 2696 causa
730 2647 1048 2697 balbutientis
1074 2648 1385 2712 hominisque
1411 2648 1549 2696 latini
1575 2650 1790 2712 speciem

107 2729 244 2784 gerat
297 2723 544 2786 interpres
608 2721 791 2770 saeculi
850 2721 947 2770 XV.
1047 2721 1178 2770 unde
1235 2736 1333 2769 non
1389 2723 1633 2770 immerito
1696 2723 1791 2769 iam

109 2794 361 2844 Gesnerus
400 2796 451 2843 in
494 2797 621 2843 notis
662 2795 946 2844 exclamavit
986 2789 1055 2861 (p.
1082 2789 1178 2862 57)
1217 2794 1486 2860 „quaedam
1521 2796 1627 2843 eius
1659 2795 1791 2843 modi

106 2869 156 2915 in
211 2867 304 2916 hoc
357 2867 484 2917 libro
532 2876 824 2935 occurrunt,
882 2875 935 2918 ut
981 2883 1040 2917 ex
1087 2867 1252 2932 lingua
1300 2866 1468 2916 Latina
1520 2866 1578 2915 ah
1627 2867 1788 2930 aliquo

1464 2948 1524 2993 a*
