2014 3162
771 189 841 194 -—
915 173 1060 210 XVIII
1142 189 1203 195 —

153 289 236 333 der
260 289 374 333 citat
398 288 540 332 etiam
572 302 615 344 p.
634 291 693 331 84
732 288 875 344 (quod
912 287 1057 332 habet
1080 288 1255 332 Theod.
1280 287 1420 334 Prisc.
1447 289 1511 334 lV
1526 303 1570 346 p.
1589 291 1680 346 82),
1711 289 1836 333 idem

154 348 352 393 fortasse
385 349 457 391 est
489 361 592 391 cum
624 346 894 390 Moschione
926 346 1090 392 Galeni
1124 351 1172 392 et
1203 347 1377 392 Sorani.

272 408 345 463 20)
400 406 457 450 cf.
505 405 603 449 ibid
640 405 865 449 Punicum
906 419 1074 450 nomen
1111 405 1455 451 Mustumbal
1495 408 1668 464 (4922),
1714 407 1836 451 Mut-

155 465 386 521 thumbal‚
417 463 713 509 Muthumbal
745 463 1033 520 (Muthunus,
1065 463 1266 521 Muttun,
1289 466 1485 521 Mettun,
1517 466 1732 518 Mottun).

272 525 347 581 21)
376 524 521 569 codex
552 521 816 567 Hafniensis
846 522 1007 567 littera
1036 523 1185 568 fracta
1214 523 1548 580 langobardica
1583 525 1675 580 (vel
1697 524 1836 568 bene·

152 584 371 638 ventana)
413 582 611 639 scriptus
651 581 836 626 saeculo
877 580 965 624 XII
1009 584 1130 637 (cum
1155 583 1424 628 correcturis
1457 584 1639 627 coaevis
1670 597 1835 626 manus

154 642 382 742 vtilgaris)
415 641 682 742 exlduabus
713 640 927 698 partibus
960 642 1142 686 constat
1173 641 1340 698 quibus
1373 644 1666 687 continentur
1697 643 1834 686 haect

223 701 280 746 .f.
302 706 340 744 1.
360 705 385 744 2
451 714 478 743 a
498 701 572 745 ba.

361 765 387 804 3
450 759 654 803 Genecia
683 757 950 803 muscionis.

330 823 421 862 2gv
455 817 718 874 Cleopatra.

332 881 425 920 31V
456 876 728 922 Alfabetum
759 875 946 933 galieni.

333 941 422 980 50v
452 935 653 1037 Yirtutis
707 934 1042 979 demonstratio
1114 935 1319 980 omnium
1387 937 1832 981 medicamentorum

451 997 538 1051 (ra
574 998 667 1051 m.).
1514 997 1520 1007 '

331 1059 385 1097 61
448 1009 590 1098 Libegr
635 1053 866 1098 dictarum
913 1051 1196 1098 diversorum
1241 1053 1330 1098 hoc
1378 1056 1450 1098 est
1501 1053 1740 1098 alexandri
1787 1057 1837 1098 et

450 1113 649 1156 aliorum
680 1111 869 1169 (Anccd.
902 1111 960 1165 ΙΙ,
995 1114 1110 1167 107).
1152 1118 1154 1121 ’

332 1176 422 1215 66γ
445 1171 583 1217 Dieta
612 1170 862 1229 Ypocratis
896 1169 1181 1228 [Theodori].

332 1234 387 1274 72
450 1231 529 1287 (al.
561 1234 643 1289 m.)
674 1230 812 1274 Liber
843 1229 958 1273 artis
990 1230 1233 1274 medicine.

334 1293 422 1333 75v
451 1290 634 1346 Dogma
663 1289 925 1345 Ypocratis.

333 1353 386 1392 77
449 1348 589 1392 Liber
621 1346 825 1393 Oribasii
855 1347 931 1403 (de
964 1361 1058 1402 quo
1091 1347 1238 1404 alibi).

213 1407 254 1450 II
286 1407 402 1463 (sine
452 1422 576 1453 num.
607 1408 735 1464 pag.)

362 1471 385 1509 1
450 1469 528 1523 (m.
559 1481 654 1511 non
683 1464 827 1521 lang.)
860 1464 999 1507 Liber
1030 1463 1426 1508 antibalomenon.

361 1530 387 1568 2
450 1528 527 1580 (m.
558 1526 703 1581 lang.)
727 1522 1120 1580 (Antidotarium).

363 1588 389 1626 3
453 1582 651 1642 (Fragm.
683 1582 846 1638 varia).

362 1647 391 1685 4
443 1639 908 1688 Medicamentarium
933 1640 1058 1696 quod
1081 1639 1291 1684 continet
1314 1640 1440 1685 dicta
1463 1641 1654 1686 urivasii
1678 1642 1836 1687 docto-

449 1699 516 1745 ris
548 1717 632 1759 per
663 1699 881 1744 alfabeto.

273 1759 321 1802 in
359 1759 391 1802 f.
427 1764 510 1804 149
543 1761 622 1818 (ad
650 1759 714 1803 in.
746 1757 855 1802 libri
885 1758 950 1801 VI
978 1758 1213 1814 practicae
1245 1756 1463 1815 Oribasii)
1494 1774 1554 1803 m.
1589 1775 1622 1803 s.
1655 1759 1740 1803 XV
1771 1759 1835 1804 le-

154 1817 282 1875 gitur
332 1818 481 1863 ‘orate
526 1833 611 1876 pro
649 1816 696 1862 ff.
735 1815 872 1860 niehf)
905 1819 1066 1862 cenete
1097 1817 1251 1861 lowe’.
1294 1816 1420 1860 idem
1450 1831 1621 1862 nomen
1656 1818 1835 1863 ‘cenete

153 1877 292 1922 lowe’
334 1876 384 1920 in
422 1878 632 1935 margine
673 1877 803 1920 extat
834 1876 894 1920 ad
925 1874 1328 1920 Medicamentarii
1360 1875 1439 1932 (II,
1478 1879 1524 1934 4)
1554 1876 1754 1921 initium.
1787 1878 1835 1922 in

160 1935 340 1980 ultimis
372 1935 546 1982 codicis
577 1935 703 1980 foliis
735 1935 955 1990 quattuor
987 1935 1339 1991 supervacaneis
1371 1934 1605 1979 variorum
1637 1939 1719 1981 aut
1740 1937 1830 1981 lec-

154 1996 310 2039 torum
360 1996 441 2039 aut
470 2009 786 2052 possessorum
817 1992 1006 2037 notulae
1047 1994 1279 2037 habentur
1332 1996 1382 2049 (si
1430 1993 1740 2052 XIII—XIV),
1786 1995 1835 2039 in

156 2054 323 2110 quarto
347 2055 462 2098 haec
487 2055 540 2111 (s.
567 2053 692 2109 XV):
726 2053 906 2096 frater
930 2053 1149 2097 thomas
1175 2051 1498 2096 Glowcetur
1522 2054 1834 2100 carmelita.

153 2112 329 2157 ibidem
379 2112 502 2157 infra
547 2112 737 2158 notulae
785 2111 998 2168 anglicae
1045 2126 1078 2156 s.
1134 2110 1242 2155 XVI
1285 2112 1442 2168 (ryght
1489 2112 1525 2156 sc
1563 2113 1671 2158 well
1723 2115 1833 2170 ...).

153 2171 203 2215 in
249 2169 350 2228 ipso
398 2171 598 2228 denique
642 2172 913 2227 tegumento
959 2172 1145 2227 praeter
1174 2170 1566 2214 medicamentum
1600 2172 1836 2228 quoddam

154 2229 317 2274 italica
346 2230 508 2288 lingua
523 2230 746 2286 scriptum
778 2245 812 2275 s.
844 2228 930 2273 XV
963 2229 1106 2286 (XIV)
1137 2229 1253 2273 haec
1283 2229 1501 2286 leguntur
1532 2232 1609 2284 (m.
1643 2246 1676 2275 s.
1708 2231 1835 2288 XV):

280 2289 433 2333 ‘Anno
482 2303 510 2332 a
554 2289 715 2332 mundi
761 2288 1001 2332 creacione
1048 2292 1163 2332 4815
1203 2287 1484 2336 universitas
1527 2287 1834 2346 Cantebrigia.

154 2347 246 2392 fuit
284 2362 314 2392 a
350 2348 571 2392 cantebro
605 2346 833 2392 edificata.
889 2348 939 2391 et
969 2361 998 2391 a
1026 2347 1321 2403 philosophis
1353 2347 1401 2390 et
1433 2346 1735 2391 scienciarum
1767 2348 1834 2392 in-

154 2406 425 2451 ventoribus
462 2408 664 2451 multum
695 2405 896 2451 feliciter
927 2406 1163 2450 decorata'
1199 2407 1340 2462 atque
1371 2406 1512 2462 paulo
1543 2405 1735 2450 inferius
1757 2407 1834 2463 (ab

158 2465 324 2510 eadem
353 2467 534 2521 manu):

276 2525 480 2581 Lapsum
512 2538 570 2568 ne
603 2523 826 2579 dampnes
855 2523 1091 2568 hominem
1125 2523 1234 2579 quia
1262 2522 1464 2568 labimur
1496 2537 1669 2568 omnes.

281 2586 363 2627 aut
393 2599 548 2628 sumus
580 2585 662 2628 aut
692 2581 863 2626 fuimus
894 2585 976 2628 aut
1003 2596 1247 2639 possumus
1277 2595 1377 2626 esse
1410 2581 1533 2639 quod
1563 2582 1640 2627 hic
1671 2584 1752 2628 est.
