2014 3162
737 140 1128 193 -291—

97 280 177 329 δεῖ
207 281 280 348 τῷ
310 278 472 346 νηπίῳ
513 272 709 327 διδόναι
753 271 811 324 τὰ
851 272 1104 340 μασήσεως
1144 273 1362 340 δεόμενα.
1440 273 1782 343 περιθλώμενα

96 355 191 425 γὰρ
242 353 301 408 τὰ
355 348 478 408 οὖλα
523 357 843 424 διαγανακτεῖ
878 354 963 406 καὶ
1013 356 1323 422 δυσδιαίρετα
1372 358 1585 423 γίγνεται
1629 363 1783 409 τυλω-

94 438 262 490 θέντα.
337 441 440 488 πᾶν
489 436 543 488 δὲ
588 434 876 490 τούναντίον
922 433 1020 488 ἀπὸ
1065 440 1152 488 τοῦ
1202 435 1422 503 πέμπτου
1470 434 1625 503 μηνὸς
1662 435 1784 489 λελιὲ

101 518 332 589 πασμένῳ
380 523 445 590 τῷ
492 516 712 589 δακτύλῳ
760 522 975 585 συνεχῶς
1019 515 1151 584 παρὰ
1197 515 1249 569 τὸ
1296 514 1504 584 λουτρὸν
1541 514 1592 570 τὸ
1634 513 1786 571 οὖλον·

95 605 342 668 ψηλαφᾶν
388 600 472 651 καὶ
519 598 783 667 μαλάσσειν
828 596 1059 670 ὀρνιθείῳ
1107 598 1274 651 στέατι.
1353 601 1434 650 δεῖ
1482 598 1536 650 δὲ
1573 599 1656 650 καὶ
1713 602 1779 651 λί-
1806 618 1828 651 5

93 680 262 748 πασμᾶ
299 690 343 732 ’τι
381 678 675 749 προδιδόναι
712 685 779 752 τῷ
816 680 987 747 βρέφει
1025 686 1129 742 ταῖς
1167 681 1329 748 χερσὶν
1366 680 1582 747 κατέχειν
1621 683 1785 747 μεῖζον

94 759 127 830 ἢ
178 759 242 824 ὡς
287 764 573 814 καταπίνειν
624 759 901 826 δύνασθαι,
951 758 1074 828 πρὸς
1111 758 1164 812 τὸ
1204 761 1287 812 καὶ
1323 758 1658 827 ἆποθηλᾶζειν
1695 765 1784 814 τοῦ

94 849 322 910 νοτισμοῢ
370 844 452 895 καὶ
499 840 564 910 μὴ
605 840 836 908 ἀπρεπῶς
874 840 931 892 τὰ
972 836 1093 893 οὖλα
1134 839 1483 909 διαμαλᾶσσειν
1521 839 1655 907 παρὰ
1693 838 1784 908 τὴν

90 931 175 992 τῆς
214 929 418 991 πιμελῆς
457 921 778 990 μαλακότητα.

200 1025 321 1079 κατὰ
361 1027 414 1080 δὲ
452 1025 542 1094 τὴν
581 1024 860 1080 όδοντίασιν
898 1023 1054 1093 αὐτὴν
1086 1025 1169 1077 καὶ
1201 1023 1404 1091 μάλιστα
1434 1030 1531 1076 τῶν
1563 1022 1783 1078 ὀδόντων
1808 1046 1851 1078 10

91 1106 500 1178 παρακυψᾶντων
552 1106 671 1175 ἤδη,
724 1112 865 1159 τοῦτο
921 1106 1010 1174 μὲν
1066 1103 1226 1158 οὐκέτι
1277 1109 1359 1159 δεῖ
1404 1113 1578 1159 ποιεῖν.
1662 1104 1786 1174 πρὸς

93 1187 187 1258 γὰρ
232 1194 298 1262 τῷ
344 1187 592 1251 ἐπιπόνως
639 1185 1050 1254 διαστραφήσεται
1094 1185 1152 1239 τὰ
1186 1190 1368 1254 φατνία
1407 1189 1787 1250 σπαδονίζοντος

93 1275 180 1323 τοῦ
220 1273 424 1323 παιδίου
463 1271 574 1338 περὶ
611 1276 711 1333 τοῖς
750 1266 923 1322 ὀδοῦσι
961 1266 1082 1321 κατὰ
1120 1266 1206 1321 τὸν
1244 1266 1552 1336 έφελκυσμὸν
1581 1267 1666 1330 τὰς
1701 1273 1787 1336 τῆς

89 1357 295 1420 πιμελῆς
349 1349 607 1419 κτηδόνας.
693 1357 1038 1418 παραιτεῖσθαι
1085 1349 1138 1401 δὲ
1185 1352 1266 1402 δεῖ
1303 1350 1385 1402 καὶ
1438 1347 1490 1402 τὸ
1538 1345 1787 1418 βούτυρον

89 1433 173 1485 καὶ
209 1431 266 1484 τὰ
307 1433 479 1501 δριμέα
516 1437 614 1484 τῶν
647 1429 1022 1500 διαχρισμοὶτων.
1083 1432 1347 1497 ἐρεθίζεται
1377 1428 1471 1500 γὰρ
1503 1429 1782 1497 δακνόμενα
1807 1450 1849 1483 15

88 1511 146 1565 τὰ
198 1516 572 1582 φλεγμαίνοντα.
660 1513 1004 1581 παραπέμπειν
1058 1512 1111 1565 δὲ
1162 1509 1228 1575 ὡς
1275 1513 1516 1580 ε’πιβλαβῆ
1564 1513 1647 1563 καὶ
1693 1508 1785 1579 τὴν

91 1591 174 1646 διὰ
223 1599 311 1647 τοῦ
367 1597 559 1661 σμιλίον
617 1596 865 1662 διαίρεσιν.
943 1598 1162 1662 χρῆσθαι
1221 1592 1274 1645 δὲ
1326 1598 1584 1661 τρυφερῶν
1639 1593 1786 1659 ἐρίων

87 1676 171 1727 καὶ
232 1680 472 1744 καθαρῶν
534 1675 737 1744 ἐπιβολῇ
797 1671 918 1726 κατὰ
978 1672 1221 1742 τραχήλου
1283 1674 1367 1725 καὶ
1427 1678 1644 1739 κεφαλῆς
1703 1674 1786 1725 καὶ

89 1755 335 1826 σιαγόνων
404 1757 640 1826 ε’πιβροχῇ
699 1775 748 1807 τε
808 1760 907 1808 τῶν
977 1752 1140 1807 αὐτῶν
1203 1752 1269 1806 δι’
1334 1755 1501 1806 ἐλαίου
1570 1754 1786 1821 γλυκέως

87 1838 169 1889 καὶ
224 1842 414 1905 θερμοῦ
467 1836 920 1903 παρενσταζομένου
967 1837 1049 1888 καὶ
1095 1842 1195 1898 τοῖς
1240 1833 1548 1897 ἆκουστικοῖς
1595 1833 1784 1901 πόροις,
1808 1856 1852 1888 20

90 1917 414 1985 ἐπιμενούσης
485 1917 539 1969 δὲ
596 1922 681 1984 τῆς
749 1922 1028 1986 φλεγμονῆς
1095 1917 1179 1968 καὶ
1246 1913 1616 1982 καταπλάσμασι
1685 1921 1786 1978 τοῖς

90 1997 171 2050 διὰ
231 1997 417 2068 γύρεως
480 1995 512 2065 ἢ
567 1996 746 2065 τήλεως
810 1994 842 2065 ἢ
897 1998 1225 2067 λινοσπέρμου
1286 1999 1439 2067 πυρία
1491 2016 1538 2047 τε
1592 2001 1649 2065 τῇ
1704 1994 1787 2047 διὰ

89 2078 320 2149 σπόγγων
373 2080 456 2131 καὶ
510 2077 712 2145 μάλιστα
759 2084 856 2132 τῶν
902 2078 1087 2146 οὔλων,
1134 2080 1202 2132 ἔτι
1249 2078 1303 2130 δὲ
1349 2078 1429 2130 καὶ
1471 2077 1618 2144 μέλιτι
1665 2093 1786 2143 συμ-

95 2161 276 2227 μέτρως
314 2158 531 2231 ἆπέφθῳ
572 2165 723 2213 ταῦτα
756 2162 1005 2228 διαχρίειν.
1055 2160 1138 2212 καὶ
1168 2157 1220 2211 τὸ
1252 2155 1459 2225 λουτρὸν
1491 2155 1578 2210 ἐὰν
1610 2160 1786 2224 μείζων

207 2361 233 2400 5
275 2359 385 2413 post
416 2356 572 2401 στέατι
605 2355 793 2400 aliunde
825 2355 1002 2400 inserta
1031 2356 1069 2400 E
1103 2354 1243 2400 eiecit:
1272 2355 1389 2399 haec
1426 2352 1508 2398 καὶ
1540 2349 1564 2397 ὁ
1598 2350 1785 2422 λάγειος

90 2413 142 2459 δε
178 2411 439 2487 ἐγκέφαλος
471 2431 620 2467 ουτως
650 2416 712 2459 τῶ
746 2415 827 2471 τῆς
859 2409 1177 2465 ἀντιπαθείας
1209 2409 1330 2470 λόγω
1361 2417 1494 2457 ποιεῖ
1519 2411 1640 2456 τῶδε
1665 2407 1784 2468 πρὸς

90 2470 284 2518 α’νίεντα
325 2467 444 2518 οὖλα
477 2474 562 2530 (sio
594 2475 651 2530 o).
706 2473 785 2519 sed
826 2473 883 2518 cf.
915 2474 997 2518 lat.
1030 2473 1072 2530 Ι,
1099 2477 1186 2518 134
1224 2476 1265 2518 et
1305 2472 1528 2517 cerebellis
1570 2472 1783 2528 leporum.

149 2538 175 2577 6
206 2529 515 2606 προσδιδόναι
545 2533 598 2577 Ε.
766 2534 943 2604 μείζονι
973 2548 1178 2577 καταπιν
1210 2534 1283 2588 (=
1307 2547 1458 2601 πινῳν
1489 2543 1574 2587 pro
1605 2530 1782 2584 πινειν)

91 2606 115 2636 c
147 2593 325 2649 (μεῖζον
356 2588 386 2648 ἢ
418 2597 668 2637 καταπιεῖν
700 2591 755 2648 D,
780 2587 851 2643 (ὃς
882 2592 988 2636 add.
1021 2593 1092 2650 E).
1229 2595 1255 2635 8
1286 2586 1415 2647 παρὰ
1450 2589 1512 2633 D.
1545 2588 1653 2645 περὶ
1686 2603 1724 2633 c.

93 2699 145 2738 11
180 2705 422 2765 παρακυψ.
457 2696 556 2752 (sic,
588 2710 683 2741 non
714 2705 954 2766 παρακοψ.
988 2697 1042 2740 ut.
1073 2695 1120 2752 d)
1155 2698 1460 2739 c.12
1494 2671 1787 2749 διαστραφη

92 2755 166 2809 (=
192 2749 365 2810 φήσε..
385 2756 421 2810 .)
453 2768 492 2798 c.
647 2759 702 2800 18
735 2751 855 2799 κατὰ
889 2769 976 2800 om.
1011 2769 1035 2800 ο
1072 2754 1203 2811 (item
1234 2756 1354 2808 Aet„
1388 2752 1494 2798 add.
1527 2751 1596 2808 E).
1725 2755 1784 2795 20

89 2814 336 2867 παρεσταζ.
370 2826 394 2856 c
426 2814 557 2869 (corr.
590 2813 666 2869 D).
835 2819 891 2858 24
924 2809 1122 2868 ἄφὲπτω
1156 2827 1179 2857 c
1212 2815 1344 2869 (corr.
1378 2811 1452 2868 D).
1615 2810 1783 2867 μείζων

92 2878 120 2926 ὴ
154 2872 215 2915 D:
249 2872 410 2928 μίζωνι
441 2871 545 2929 (sic)
571 2887 606 2917 c.

1426 2944 1515 2987 19*
