2014 3162
858 117 1258 169 —100—

213 254 380 303 nerari
435 251 581 317 solet,
637 251 896 316 aliquando
945 252 1093 301 etiam
1140 258 1190 300 et
1240 250 1470 300 acredine
1524 251 1907 301 medicaminum

212 328 446 376 inuritur.
536 324 870 391 subsecuntur
925 331 1087 374 autem
1142 325 1264 374 haec
1319 326 1471 389 signa.
1558 324 1697 373 dolor
1750 326 1906 390 partis

214 400 348 449 illius
398 401 454 449 fit
506 398 594 449 uhi
648 399 827 448 vulnus
882 406 958 448 est
1014 399 1242 463 positum.
1318 398 1497 447 humor
1549 400 1695 448 etiam
1746 399 1907 448 fertur

213 474 365 523 odore
405 479 456 523 et
494 473 659 523 colore
699 475 878 538 variuS,
919 472 1179 536 aliquando
1219 471 1464 536 plurimus
1505 472 1764 536 aliquando
1804 487 1906 521 mo-

166 559 187 592 5
213 548 369 614 dicuS‚
409 547 600 596 scilicet
637 561 727 611 pro
769 546 1045 595 differentia
1087 545 1318 595 vulneris,
1380 548 1422 594 si
1461 547 1594 594 enim
1625 547 1677 594 in
1709 545 1908 595 fervura

211 622 364 671 fuerit
403 621 596 686 vulnus7
636 619 775 669 dolor
815 620 1014 685 quidem
1053 619 1252 683 grandis
1292 619 1529 685 efficitur,
1582 618 1658 668 vel
1697 621 1904 668 maxime

212 698 255 745 si
299 697 351 743 in
400 695 586 743 orificio
631 693 714 754 ,vel
752 696 804 742 in
843 693 968 742 collo
1007 695 1227 742 matricis
1267 692 1445 742 vulnus
1485 693 1637 742 fuerit
1673 694 1906 759 positum,

212 769 377 818 fervor
424 770 572 817 etiam
619 774 670 816 et
719 769 880 817 tensio
921 773 971 816 et
1008 766 1204 833 pulsuS‚
1257 767 1437 816 humor
1477 772 1640 815 autem
1679 766 1905 816 modicus

213 849 261 891 et
301 841 706 906 sanguinolentus
747 847 796 890 et
835 841 1142 891 faeculentus
1182 841 1354 890 fertur.
1448 855 1562 890 cum
1599 855 1717 889 vero
1757 840 1908 889 fuerit

147 929 190 961 ιο
215 915 468 965 sordidum
508 916 754 982 effectum,
794 915 932 964 dolor
973 915 1172 980 quidem
1210 917 1260 963 in
1302 914 1606 979 aliquantum
1638 916 1906 979 minuetur,

212 990 392 1039 humor
446 995 611 1039 autem
657 989 837 1038 lividus
884 995 934 1038 et
974 991 1116 1054 quasi
1157 1004 1267 1038 cum
1309 1001 1498 1038 rasura*
1523 994 1572 1037 et
1610 987 1909 1053 purulentus

213 1063 469 1113 abundans
508 1064 681 1112 fertur.
759 1064 803 1112 si
842 1078 956 1111 vero
998 1070 1048 1112 et
1087 1077 1352 1112 cancerare
1393 1063 1628 1128 coeperit,
1667 1061 1789 1110 odor
1820 1077 1908 1126 pu-

213 1137 347 1186 tidus
387 1136 457 1185 ibi
495 1138 716 1187 nascitur
757 1138 843 1201 qui
876 1138 1114 1186 sustineri
1143 1151 1243 1185 non
1274 1137 1445 1201 possit.
1501 1135 1737 1200 frequens
1762 1136 1910 1184 etiam

214 1212 523 1275 sanguinatio
563 1211 618 1258 fit
658 1217 707 1260 et
746 1212 909 1260 sanies
949 1212 1089 1274 nigra
1128 1211 1301 1275 fertur,
1342 1209 1484 1258 dolor
1517 1211 1690 1273 capitis
1723 1215 1773 1258 et
1804 1223 1909 1258 cer-

149 1296 191 1329 15
215 1286 337 1333 vicis
389 1299 501 1333 cum
558 1299 803 1333 consensu
856 1283 1112 1333 oculorum
1169 1290 1218 1332 et
1274 1285 1403 1348 iugis
1459 1282 1613 1332 febris
1669 1289 1718 1331 et
1770 1281 1909 1331 tabes

214 1359 461 1424 corporiS,
511 1359 580 1406 ita
618 1367 674 1407 ut
712 1357 792 1407 illa
832 1373 956 1422 quae
997 1358 1216 1406 relaxare
1255 1363 1466 1421 possunt
1504 1356 1629 1406 male
1669 1357 1909 1421 accipian-

214 1438 297 1481 tur
353 1438 401 1480 et
456 1447 511 1480 ea
567 1446 692 1496 quae
748 1433 1097 1495 constringunt
1151 1431 1341 1493 utiliter
1396 1430 1719 1494 adponantur.
1797 1444 1911 1478 cum

215 1521 331 1554 vero
371 1504 628 1570 limpidum
668 1505 821 1555 fuerit
869 1505 1047 1555 vulnus
1094 1506 1325 1554 effectum
1375 1511 1424 1553 et
1471 1503 1611 1552 dolor
1658 1509 1708 1552 et
1746 1509 1911 1552 tumor

216 1581 470 1627 minuetur
505 1579 725 1642 odorque
759 1579 917 1628 malus
950 1579 1151 1628 recedet
1181 1580 1388 1643 ipsaque
1429 1579 1592 1627 sanies
1632 1583 1682 1626 et
1712 1576 1913 1642 limpida

149 1666 191 1698 20
217 1662 268 1702 et
307 1652 560 1716 coagulata
599 1655 707 1702 erit.

328 1749 465 1822 (71.)
522 1770 635 1804 cum
689 1770 806 1819 ergo
863 1756 1088 1819 coeperis
1135 1755 1213 1803 his
1267 1753 1558 1803 vulneribus
1605 1767 1774 1802 curam
1830 1752 1911 1802 ad-

215 1828 406 1896 hibere,
443 1832 495 1877 in
528 1829 725 1878 fervura
764 1831 978 1894 positum
1020 1828 1198 1877 vulnus
1238 1829 1309 1876 sic
1350 1827 1546 1877 curabis
1579 1828 1727 1876 sicuti
1757 1825 1910 1876 hahes

218 1918 388 1952 curam
443 1904 661 1952 matricis
717 1905 769 1951 in
816 1903 1013 1951 fervura
1060 1904 1262 1966 positae.
1333 1901 1391 1950 ad
1441 1900 1695 1950 sordidum
1746 1906 1912 1950 autem

217 1976 397 2025 vulnus
439 1991 613 2026 sucum
653 1978 874 2041 ptisanae
918 1991 1031 2025 cum
1067 1975 1365 2025 abundantia
1397 1974 1555 2024 mellis
1599 1975 1910 2039 frequentius

150 2062 193 2095 25
219 2050 517 2116 encolpizaS‚
581 2050 657 2099 vel
719 2050 1121 2100 tetrafarmacum
1182 2051 1234 2098 in
1297 2049 1404 2098 oleo
1462 2047 1639 2098 liliacio
1695 2047 1910 2098 solutum

341 2256 362 2294 1
398 2250 602 2295 acridine
635 2251 698 2295 bl.
834 2255 859 2294 2
894 2250 1028 2295 dolor
1059 2249 1203 2294 etiam
1237 2252 1370 2307 (corr.
1403 2249 1526 2293 enim
1538 2251 1576 2306 5³)
1608 2264 1652 2306 p.
1686 2249 1750 2294 bl.
1883 2252 1910 2292 3

218 2309 312 2354 illis
345 2310 411 2353 bl.
558 2314 584 2353 5
615 2324 699 2366 pro
731 2311 781 2354 h:
815 2310 852 2354 δε
883 2324 914 2367 p
947 2310 988 2365 b,
1020 2324 1104 2365 per
1135 2310 1163 2353 l.
1309 2308 1433 2352 enim
1465 2309 1535 2353 bl:
1568 2321 1679 2352 vero
1710 2308 1752 2352 h.
1883 2310 1911 2352 8

218 2367 401 2412 ferbore
435 2369 527 2423 (-0r
558 2369 650 2425 lh).
671 2404 680 2413 .
700 2405 709 2414 .
728 2369 937 2413 tensione
973 2367 1056 2424 (·io
1087 2368 1250 2424 pulsus
1282 2368 1311 2423 l,
1345 2368 1412 2411 —io
1445 2370 1494 2411 et
1523 2382 1567 2423 p.
1599 2368 1646 2423 h)
1679 2367 1839 2423 pulsus
1871 2367 1911 2411 b.

279 2432 304 2470 9
336 2426 597 2471 feculentus
632 2428 720 2472 blh
754 2424 941 2485 (ὑγρὸν.
961 2463 970 2472 .
992 2427 1247 2483 ,τρυγῶδες
1278 2425 1378 2470 Aet.
1411 2430 1452 2470 et
1486 2427 1624 2471 Paul.
1657 2429 1701 2480 3,
1726 2427 1821 2482 66).

222 2490 276 2529 10
309 2485 544 2529 minuetur
576 2487 648 2530 bl:
682 2487 808 2531 -atur
838 2488 880 2531 h.
1017 2491 1071 2530 13
1103 2484 1398 2542 frequencius
1429 2486 1470 2528 h.
1596 2489 1652 2528 14
1681 2485 1765 2528 fiat
1796 2485 1845 2528 et
1876 2497 1910 2528 S.

219 2546 266 2600 b,
315 2544 397 2588 fieb
429 2546 476 2588 et
507 2560 541 2588 s.
575 2546 615 2599 Z,
664 2545 754 2589 fiet.
793 2560 827 2589 s.
860 2547 901 2589 h.
1057 2549 1111 2588 15
1145 2547 1192 2590 et
1221 2544 1344 2600 iugis
1374 2542 1542 2588 febris:
1575 2544 1622 2588 et
1652 2543 1909 2599 inguinum.

220 2603 372 2648 febres
408 2603 562 2663 (acute
595 2604 700 2649 add.
733 2605 778 2659 h)
813 2605 900 2661 bh,
940 2603 978 2647 &
1008 2603 1140 2660 ingui
1169 2601 1312 2647 febris
1345 2603 1373 2647 l.
1510 2606 1564 2646 18
1598 2603 1645 2646 et
1674 2604 1830 2646 tumor
1859 2602 1910 2646 h:

220 2663 258 2706 85
288 2663 456 2706 humor
487 2663 551 2706 bl.
686 2667 739 2707 19
772 2662 969 2719 minue(i
1000 2663 1161 2718 bh>³0ur
1193 2663 1219 2706 l.
1341 2661 1505 2706 recede
1541 2661 1639 2717 (sic)
1674 2662 1703 2717 l,
1734 2660 1913 2706 recedis

221 2722 296 2768 bh.
398 2726 452 2765 21
488 2733 598 2777 ergo
632 2722 706 2766 bl:
738 2735 848 2766 vero
880 2722 921 2765 h.
1027 2720 1254 2777 coeperit.
1274 2757 1283 2766 .
1304 2719 1538 2766 ,adhiberi
1569 2721 1631 2764 bl.
1755 2724 1812 2764 22
1845 2719 1910 2764 sic

221 2782 246 2825 b
279 2785 319 2826 et
356 2780 587 2837 (siccabis)
623 2782 658 2825 l:
690 2781 759 2825 ita.
788 2782 829 2826 h.
976 2784 1033 2824 24
1062 2781 1228 2836 tysane
1261 2781 1332 2835 bl,
1364 2779 1549 2836 ptisane
1581 2780 1622 2824 h.
1745 2784 1801 2823 25
1833 2779 1911 2823 vel

223 2834 268 2896 (ἢ
306 2840 485 2895 Paul.):
521 2840 567 2884 et
598 2840 695 2884 blh.
819 2841 884 2895 t(r
908 2840 1055 2894 b)etro
1087 2837 1344 2883 farmacum
1377 2839 1441 2883 bl.
