2014 3162
117 250 272 315 horat,
319 256 369 298 et
408 250 622 298 curvatis
669 248 768 298 illic
815 248 1025 313 pedibus
1066 250 1174 298 eius
1214 257 1263 299 et
1301 252 1558 315 patefactis
1599 254 1799 317 spondis

112 323 227 372 lecti
265 323 416 388 pedes
449 324 556 372 eius
589 324 777 389 infiges,
819 321 1042 387 scapulas
1075 324 1182 372 eius
1207 338 1233 371 a
1258 325 1497 374 ministris
1528 329 1800 390 constringi

113 397 262 446 facies
307 396 385 446 vel
432 396 491 447 de
540 396 688 445 fascia
729 412 755 445 a
795 397 953 460 capite
1000 395 1116 445 lecti
1155 411 1262 445 eam
1299 396 1474 461 ligabis
1514 407 1569 448 ut
1606 415 1706 449 non
1746 415 1799 449 se

111 472 273 534 girare
318 471 489 535 possit.
567 476 616 519 et
664 472 748 534 qui
788 471 1009 519 facturus
1049 476 1125 521 est
1163 486 1190 519 a
1230 477 1400 519 contra
1441 471 1613 520 sedere
1653 473 1800 523 debet

109 543 254 609 paulo
301 544 531 608 inferiuS‚
579 552 628 593 et
675 543 980 608 adprehensa
1021 543 1288 593 curvedine
1328 543 1602 609 embryulci
1641 552 1690 594 et
1728 555 1797 596 te·
1823 559 1843 591 5

107 617 298 682 pesacta
351 619 480 667 intra
527 617 706 682 digitos
761 617 1087 683 abscondere,
1143 617 1324 681 quibus
1363 620 1620 682 perunctis
1660 625 1709 668 et
1748 622 1799 669 in

108 706 263 740 unum
311 691 571 740 conductis
618 706 731 740 cum
783 691 953 739 eadem
992 691 1260 740 curvedine
1301 691 1572 757 embryulci
1609 694 1662 741 in
1701 695 1796 743 ori-

111 765 279 814 ficium
318 766 538 815 matricis
578 779 777 814 manum
810 766 1060 814 sinistram
1091 767 1226 814 intus
1258 767 1444 815 inicere
1477 774 1527 815 et
1551 776 1798 832 pertemp-

105 844 213 888 tare
261 844 312 888 et
357 854 597 903 quaerere
647 841 699 887 in
754 853 902 903 quem
956 837 1120 887 locum
1168 854 1282 887 eum
1329 842 1570 904 aptiorem
1616 841 1798 905 infigat.

108 907 246 979 (62.)
292 914 336 961 si
383 914 513 961 enim
561 915 611 961 in
654 914 813 977 capite
854 911 1160 961 descendens
1200 918 1373 977 partus
1410 915 1676 979 invenitur,
1717 929 1798 979 ap·
1824 927 1866 959 10

107 987 260 1035 tiores
300 985 430 1036 oculi
469 994 518 1035 et
557 987 844 1050 occipitium
884 991 934 1034 et
973 1001 1042 1051 oS,
1083 987 1126 1034 si
1164 1001 1280 1034 vero
1320 988 1372 1035 in
1409 986 1562 1052 latus,
1617 987 1799 1052 iugulis

107 1065 192 1109 aut
246 1062 377 1110 inter
423 1066 583 1109 costas
635 1060 811 1109 melius
857 1059 995 1124 infigi
1032 1065 1211 1124 potest.
1301 1062 1343 1109 si
1381 1075 1471 1125 per
1509 1061 1662 1125 pedes
1717 1060 1799 1110 de-

107 1133 366 1200 scendenS‚
407 1149 557 1199 supra
587 1136 849 1199 pectinem.
900 1133 978 1182 vel
1017 1135 1059 1182 si
1090 1149 1151 1182 ex
1181 1132 1447 1198 praedictis
1479 1133 1601 1183 locis
1634 1134 1798 1184 nullus

106 1209 317 1257 inveniri
362 1209 567 1275 poterit,
620 1207 921 1272 ubicumque
972 1207 1227 1257 vulnerato
1275 1214 1360 1257 aut
1407 1209 1501 1256 fixo
1550 1208 1657 1258 loco
1699 1224 1797 1257 em—

105 1280 366 1347 hryulcum
415 1282 607 1346 infigat,
659 1288 708 1331 et
754 1282 910 1330 eiecta
956 1296 1102 1330 manu
1153 1282 1273 1330 foris
1321 1281 1661 1346 embryulcum
1708 1284 1795 1331 mi·
1822 1295 1865 1327 15

106 1356 265 1404 nistro
326 1355 502 1404 tradat.
601 1355 774 1404 eodem
842 1354 987 1403 modo
1058 1356 1206 1404 etiam
1267 1355 1476 1404 alterum
1537 1357 1799 1405 inmissum

107 1427 199 1477 alia
251 1435 391 1494 parte
437 1429 628 1495 infigat,
682 1444 829 1493 quem
884 1435 934 1477 et
987 1430 1152 1492 ipsum
1198 1430 1425 1478 ministro
1472 1429 1646 1479 tradat.
1730 1431 1797 1478 ita

107 1507 272 1552 tamen
341 1502 611 1567 aequaliter
679 1503 815 1551 infixi
884 1517 993 1551 esse
1055 1502 1239 1552 debent
1322 1510 1378 1552 ut
1454 1518 1568 1551 cum
1629 1505 1798 1552 conari

109 1578 328 1641 coeperit
359 1576 630 1641 aequaliter
661 1575 906 1625 adducere
939 1577 1109 1640 possit.
1151 1575 1328 1625 deinde
1354 1578 1580 1625 ministro
1607 1576 1799 1626 iubebit

230 1723 254 1761 1
289 1718 453 1774 eurb(v
476 1717 614 1775 h)atis
648 1719 731 1762 bh:
765 1718 959 1762 curabat
990 1720 1027 1774 (.
1049 1754 1057 1763 .
1078 1753 1087 1762 .
1109 1717 1258 1774 infigi)
1291 1719 1319 1763 Ζ.
1475 1718 1573 1762 eius
1606 1719 1680 1763 lh:
1713 1732 1796 1763 om.

108 1777 148 1822 b.
270 1777 460 1834 spondis
490 1778 540 1821 h:
572 1776 831 1834 inispondis
863 1778 913 1832 b,
944 1776 1219 1834 inexpondis
1252 1778 1281 1822 Ζ.
1403 1782 1429 1821 2
1463 1777 1616 1834 infigis
1649 1779 1697 1833 b,
1729 1777 1798 1822 in-

108 1835 209 1880 fixis
239 1838 310 1893 (ut
339 1836 470 1891 infra
510 1873 519 1882 .
571 1836 770 1894 ‚ligatis)
801 1837 1239 1881 h.scabu1as
1272 1837 1312 1891 b,
1345 1836 1617 1893 exscapulas
1649 1837 1677 1880 Ζ.

112 1895 366 1953 constringi
396 1895 541 1940 facies
573 1908 656 1941 om.
682 1896 723 1939 h.
847 1900 873 1939 3
908 1896 967 1940 ad
999 1910 1086 1952 cap
1089 1895 1155 1939 ite
1185 1895 1217 1939 1.
1252 1897 1324 1940 bl.
1357 1896 1418 1939 ad
1448 1894 1798 1940 reclinatorium

112 1954 191 2014 (τῷ
222 1955 432 2011 κλινιδίῳ
464 1954 563 2000 Sor.
589 1958 702 2009 287,
719 1955 765 2011 5)
796 1955 845 1998 h!
969 1969 1025 1999 ea
1055 1911 1123 2012 fig
1126 1954 1226 1999 abis
1259 1956 1306 2000 b:
1339 1955 1563 1999 colicabis
1595 1956 1624 1999 Ζ.
1745 1956 1799 1999 ut

113 2038 167 2045 ——
192 2013 341 2071 possit
371 2000 444 2058 b'l:
485 2027 568 2058 om.
600 2014 643 2059 h.
795 2019 824 2057 4
856 2015 903 2058 et
934 2013 1014 2070 qui
1045 1970 1123 2058 blg:
1164 2013 1355 2117 hisque5
1363 2015 1404 2058 h.
1556 2013 1605 2057 in
1637 2014 1799 2058 contra.

109 2072 238 2129 pollo
279 2073 436 2128 (paulo
468 2073 534 2130 h0)
575 2071 768 2118 inferius
809 2088 842 2117 s.
885 2072 1077 2118 debebit
1106 2074 1147 2117 h.
1329 2075 1450 2129 5(et
1481 2074 1524 2130 7)
1559 2072 1799 2117 curbidine

109 2130 352 2176 embriulci
384 2133 422 2176 b.
532 2134 580 2177 et
603 2158 658 2164 —-
685 2134 747 2189 (7)
782 2132 1026 2177 embriulci
1055 2145 1139 2177 om.
1173 2133 1201 2176 Ζ.
1317 2137 1344 2177 8
1377 2132 1732 2189 p(pre)temtare
1757 2131 1798 2176 b.

169 2195 224 2236 10
255 2190 537 2235 descendens
567 2192 730 2248 partus
760 2191 1019 2246 invenitur,
1051 2193 1276 2248 aptiores:
1324 2191 1610 2235 descendens
1640 2191 1799 2247 partes

109 2248 312 2294 abtiores
335 2249 636 2295 inveniuntur
667 2252 707 2306 b,
741 2250 785 2296 d.
810 2251 1014 2307 aptiores
1046 2252 1204 2307 partes
1236 2249 1329 2294 inv.
1357 2251 1388 2305 Ζ,
1419 2251 1579 2307 partus
1610 2250 1799 2294 descen·

111 2308 253 2353 debat
283 2310 489 2366 apciores
521 2309 615 2353 inv.
647 2310 688 2353 h.
825 2314 875 2353 11
904 2315 1012 2366 post
1042 2323 1092 2354 os
1126 2310 1233 2355 add.
1265 2310 1318 2354 bl
1347 2307 1532 2366 infrigis
1563 2311 1720 2353 autem
1750 2307 1800 2351 in

114 2380 193 2413 eos
226 2367 501 2412 embriulcia.
533 2369 580 2423 b,
611 2368 766 2426 infigis
800 2382 878 2414 eos
910 2368 1187 2413 embriulcos
1219 2370 1247 2414 Ζ.
1400 2370 1473 2412 est
1503 2370 1628 2424 (post
1658 2367 1798 2423 latus)

110 2427 216 2472 add.
249 2428 351 2472 blh.
472 2442 614 2484 pecus
648 2431 772 2484 (ante
800 2427 866 2483 in)
900 2429 1006 2473 add.
1023 2428 1066 2472 h.
1191 2431 1244 2471 12
1277 2426 1444 2472 melius
1476 2428 1546 2472 bl:
1579 2440 1662 2471 om.
1696 2426 1738 2470 h.

109 2487 266 2543 potest
297 2487 388 2530 bh:
419 2488 616 2543 possunt
646 2489 674 2531 Ζ.
782 2492 835 2531 13
864 2491 968 2543 post
999 2487 1283 2531 descendens
1317 2486 1499 2543 (debat
1520 2487 1567 2543 h)
1600 2486 1706 2531 add
1731 2485 1799 2528 in-

109 2544 290 2590 veneris
322 2559 428 2590 eum
459 2547 506 2599 b,
538 2546 753 2591 inventus
783 2545 927 2590 fuerit
950 2547 978 2590 Ζ.
1103 2545 1365 2603 (embriulci
1394 2544 1488 2602 ipsi
1518 2546 1550 2602 Ζ)
1583 2544 1702 2590 bene
1732 2543 1798 2587 in-

109 2603 314 2660 figuntur
343 2605 450 2649 add
484 2605 535 2649 bl
543 2606 571 2648 h
603 2607 730 2662 (post
759 2605 1025 2662 pectinem).
1161 2605 1342 2649 nullum
1374 2606 1466 2660 (-us
1499 2605 1568 2661 lh)
1601 2602 1799 2647 inveniri

113 2663 198 2717 (-re
223 2664 293 2719 lh)
326 2663 500 2720 poterit
533 2664 757 2720 (potuerit
780 2666 814 2721 Z)
840 2666 878 2709 b.
975 2669 1031 2708 14
1063 2666 1145 2709 aut-
1177 2666 1248 2720 (ut
1278 2665 1321 2719 b)
1352 2663 1443 2716 fixo
1476 2664 1549 2707 bl:
1581 2675 1664 2707 om.
1696 2663 1738 2706 h.

118 2724 173 2764 15
203 2721 368 2779 infigat
397 2723 445 2766 h:
479 2737 581 2779 -ges
614 2724 678 2768 bl.
811 2723 936 2768 foras
968 2725 1008 2768 h.
1137 2728 1189 2767 17
1224 2721 1308 2767 alii
1337 2714 1460 2779 parti
1492 2723 1520 2777 Ζ,
1554 2721 1644 2765 alie
1674 2719 1799 2778 parti

115 2779 157 2823 h.
210 2838 239 2883 h
325 2785 379 2824 18
413 2781 648 2828 debebunt
679 2783 705 2828 b
738 2784 851 2840 (non
881 2784 965 2839 lh).
1129 2787 1182 2826 19
1216 2781 1398 2826 iubebit
1427 2782 1481 2824 ut
1511 2781 1546 2825 Ζ.
1579 2736 1727 2824 iuberi
1757 2779 1797 2834 b,

114 2851 180 2882 ·re
241 2874 250 2883 .
