2014 3162
861 105 1259 158 —202—

222 236 347 306 πρὸς
387 238 440 289 δὲ
478 236 568 304 τὴν
607 236 861 306 ἀνάληψιν
899 245 986 292 τοῦ
1026 236 1294 306 σπέρματος
1340 238 1424 289 καὶ
1470 235 1786 305 διακρατησιν
1827 234 1912 288 ἆν-

153 311 161 316 ’
224 321 520 386 επιτηδείως.
598 317 624 372 ὃ
673 318 719 372 δ’
763 318 1035 389 ἀρχομένης
1074 324 1158 386 τῆς
1196 316 1484 386 καθάρσεως
1529 316 1698 386 καιρὸς
1737 318 1914 382 ἄθετος

226 398 309 452 διὰ
346 398 438 468 τὴν
477 398 709 453 ἁπάντων
740 403 974 467 ἐπίτασιν,
1017 398 1082 462 ὡς
1113 398 1389 468 εἰρήκαμεν,
1429 396 1454 452 ὁ
1489 399 1543 451 δὲ
1574 397 1912 468 αὐξανομένης

224 483 307 534 καὶ
359 480 671 549 ἀκμαζούσης
726 480 807 534 διὰ
860 481 912 534 τὸ
965 484 1321 550 καθυγραίνειν
1373 479 1425 533 τὸ
1481 480 1670 549 σπέρμα
1717 483 1799 534 καὶ
1847 487 1914 555 τῷ

180 585 202 618 5
225 561 406 629 πλήθει
451 568 538 615 τοῦ
585 561 979 631 ἀποκρινομένου
1031 564 1230 630 αἵματος
1277 560 1631 630 συνεκβλύζειν.
1719 561 1784 626 ὡς
1822 560 1914 632 γὰρ

226 641 343 696 οὐδὲ
404 641 456 695 τὸ
525 648 715 710 τραῦμα
784 649 1102 713 συγκολλᾶται
1170 641 1513 711 παρεπομένης
1575 645 1911 711 αἱμορραγίας,

225 721 346 775 ἄλλα
407 721 502 775 κᾶν
563 730 857 792 παραχρῆμα
919 730 1258 795 συγκολληθῆ,
1319 722 1495 792 ταύτης
1555 724 1911 797 ἐπιφερομένης

226 807 459 857 διίσταται
497 803 661 870 πάλιν,
702 804 857 868 οὕτως
896 804 1012 858 οὐδὲ
1050 803 1102 858 τὸ
1144 803 1334 872 σπέρμα
1371 803 1578 857 δύναται
1608 810 1916 873 κολληθῆναί

223 906 272 937 τε
310 887 392 937 καὶ
431 891 724 953 συμφυῆναι
762 885 884 954 πρὸς
923 885 1007 939 τὸν
1046 884 1280 953 πυθμένα
1318 891 1403 952 τῆς
1441 884 1643 955 ὑστέρας
1679 884 1776 940 ὑπὸ
1829 893 1916 955 τῆς

159 991 203 1023 10
226 967 418 1019 ἐκεῖθεν
444 965 841 1035 ἆποκρινομένης
865 971 1119 1035 αἰματικῆς
1144 966 1315 1029 οὐσίας
1338 964 1713 1034 ἆνωθούμενον.
1765 965 1916 1034 μόνος

226 1042 318 1101 οὖν
357 1046 525 1116 καιρὸς
556 1047 829 1117 ἐπιτήδειος
871 1046 897 1102 ὁ
929 1046 1050 1100 κατὰ
1080 1047 1170 1116 τὴν
1200 1046 1467 1114 ἀπόλειψιν
1497 1053 1582 1115 τῆς
1604 1047 1909 1115 καθάρσεως.

224 1127 542 1195 κεκούφισται
583 1130 670 1196 μὲν
707 1128 799 1198 γὰρ
838 1127 869 1198 ἡ
911 1126 1067 1197 μήτρα
1097 1130 1179 1181 καὶ
1211 1127 1477 1197 σύμμετρος
1508 1127 1774 1196 παρέπεται
1795 1136 1908 1197 θερ-

226 1213 376 1277 μασία
420 1212 504 1261 καὶ
550 1208 770 1309 ὑγρασία,
853 1209 1001 1263 παλιν
1053 1208 1146 1308 γὰρ
1196 1207 1288 1262 οὐκ
1333 1207 1576 1278 ἐνδέχεται
1619 1207 1672 1263 τὸ
1720 1208 1909 1278 σπέρμα

224 1296 529 1358 κολληθῆναι
576 1290 640 1358 μὴ
681 1290 1162 1360 προτετραχυμμένης
1200 1288 1302 1342 ἄλλ’
1347 1287 1454 1343 οἷον
1492 1288 1749 1358 έξεσμένης
1786 1289 1910 1343 κατὰ

160 1396 202 1429 15
224 1370 310 1425 τὸν
349 1370 582 1439 πυθμένα
619 1378 705 1440 τῆς
743 1370 958 1441 υστέρας.
1038 1370 1103 1435 ὡς
1151 1369 1244 1424 οὖν
1283 1371 1362 1422 ἐπὶ
1399 1375 1497 1422 τῶν
1534 1369 1818 1424 νοσούντων
1857 1371 1912 1422 έν

224 1452 385 1506 ἀνέσει
430 1452 807 1521 λαμβανόμενον
852 1452 905 1506 τὸ
954 1456 1105 1506 σιτίον
1149 1450 1245 1520 πρὸ
1285 1454 1606 1519 παροξυσμοῦ
1653 1450 1915 1520 κατέχεται,

224 1533 345 1586 κατα
402 1534 455 1586 δὲ
509 1533 593 1587 τὸν
654 1533 975 1603 παροξυσμὸν
1023 1531 1176 1586 αὐτὸν
1229 1535 1297 1595 εἰς
1350 1534 1519 1600 ἔμετον
1573 1531 1912 1598 ἀνακόπτεται,

224 1613 345 1667 κατὰ
397 1613 481 1668 τὸν
531 1613 682 1668 αὐτὸν
727 1614 909 1684 τρόπον
954 1616 1037 1667 καὶ
1083 1613 1135 1666 τὸ
1183 1612 1372 1682 σπέρμα
1418 1617 1631 1682 βεβαίως
1675 1613 1917 1682 κατέχεται
1960 1619 1964 1623 “

224 1697 500 1764 παρατεθὲν
554 1695 631 1749 ’ὅτε
684 1695 1089 1765 παρακμάζουσιν
1143 1697 1199 1746 αἱ
1239 1694 1519 1762 καθάρσεις.
1598 1698 1642 1748 εἰ
1686 1694 1741 1747 δέ
1789 1716 1916 1757 τινες

88 1798 101 1805 “
157 1801 202 1834 20
227 1774 501 1843 συνέλαβον
545 1775 667 1829 κατὰ
713 1776 800 1830 τὸν
845 1776 995 1830 ἄλλον
1042 1775 1221 1844 χρόνον
1265 1778 1348 1829 καὶ
1386 1775 1589 1844 μάλιστα
1627 1775 1703 1829 ’ὅτε
1741 1779 1918 1828 καθαί-

227 1878 393 1924 ρονται
438 1855 542 1910 κατ’
587 1857 776 1927 ὀλίγον,
828 1856 889 1912 οὐ
930 1861 1011 1911 δεῖ
1040 1857 1130 1925 τὴν
1169 1859 1223 1910 έν
1261 1855 1446 1927 ὀλίγαις
1484 1858 1736 1924 ἐπιτυχίαν
1773 1877 1914 1924 μετα-

227 1937 424 1990 διώκειν
477 1936 597 1991 ἆλλᾶ
643 1938 729 1992 τὸν
775 1940 828 1991 ἐκ
871 1946 968 1992 τῶν
1014 1946 1099 2008 τῆς
1143 1945 1362 2007 τεχνικῆς
1408 1941 1625 2006 θεωρίας
1673 1936 1917 2007 λαμβανό-4

227 2040 377 2086 μενον
414 2018 588 2087 καιρὸν
624 2018 993 2074 ὑποδεικνύναι.

342 2108 425 2154 37.
488 2101 866 2170 προσεθήκαμεν
914 2102 968 2154 δὲ
1007 2097 1079 2155 ὅτι
1117 2102 1200 2154 καὶ
1240 2100 1392 2169 ὁρμῆς
1429 2102 1513 2153 καὶ
1552 2099 1753 2169 ὀρέξεως
1792 2098 1915 2168 πρὸς

158 2204 203 2238 25
228 2186 499 2236 συνουσίαν
543 2181 873 2252 ὑπαρχούσης.
952 2181 1017 2246 ὡς
1062 2181 1155 2252 γὰρ
1201 2183 1347 2250 χωρὶς
1394 2179 1597 2250 ὀρέξεως
1643 2179 1733 2234 οὐκ
1781 2182 1917 2233 ἐνδε-

226 2264 435 2332 χόμενον
487 2262 584 2318 ὑπὸ
631 2270 729 2318 τῶν
775 2264 998 2334 ἀρρένων
1043 2263 1095 2318 τὸ
1144 2265 1332 2332 σπέρμα
1381 2267 1778 2332 καταβληθῆναι,
1830 2259 1917 2315 τὸν

227 2343 379 2399 αὐτὸν
423 2345 606 2413 τρόπον
651 2347 797 2414 χωρὶς
843 2345 1045 2414 ὀρέξεως
1091 2344 1188 2399 ὑπὸ
1243 2351 1342 2398 τῶν
1386 2350 1603 2412 θηλειῶν
1648 2341 1739 2397 οὐκ
1786 2343 1917 2395 ἔνδε-

226 2424 436 2494 χόμενον
485 2424 602 2479 αὐτὸ
650 2433 1015 2527 συλληφθῆναι.
1101 2428 1183 2480 καὶ
1232 2424 1298 2489 ὦς
1342 2424 1374 2494 ἡ
1420 2424 1578 2495 τροφὴ
1625 2427 1771 2494 χωρὶς
1811 2422 1915 2492 ὀρέ-

231 2511 348 2569 ξεως
386 2514 722 2560 καταποθεῖσα
758 2531 790 2575 η
831 2509 913 2559 καὶ
953 2529 1068 2575 μετα
1106 2529 1238 2570 τινος
1277 2505 1611 2574 ἀποστροφῆς,
1658 2504 1719 2559 οὐ
1757 2510 1917 2568 καλῶς

347 2611 373 2650 2
399 2602 664 2676 αρχόμενος
696 2620 720 2649 c
754 2608 886 2662 (corr.
919 2608 989 2663 E).
1121 2613 1146 2651 6
1179 2606 1532 2678 παρακολλᾶται
1564 2620 1588 2650 c
1620 2608 1751 2662 (corr.
1786 2607 1854 2662 E).

229 2669 282 2709 11
315 2661 557 2721 ἀπόληψιν
591 2679 615 2709 c
647 2662 896 2721 (οἷπόληξιν
927 2666 998 2722 Ε).
1163 2671 1218 2709 14
1257 2661 1360 2710 ἀλλ’
1398 2663 1497 2710 οἷον
1540 2665 1638 2722 (καὶ
1671 2663 1772 2710 οἷον
1804 2667 1913 2710 Dar

229 2724 283 2779 E)
314 2725 364 2768 ‘m
394 2723 502 2768 albo
538 2727 593 2782 1}
618 2737 703 2768 om.
737 2724 812 2778 (of.
839 2723 962 2769 Cael.
988 2724 1097 2769 Aur.
1122 2725 1315 2770 Hermes
1345 2724 1560 2779 1V‚143).
1683 2729 1738 2769 16
1770 2725 1915 2769 σιτίον
1958 2734 1974 2751 ·’

225 2783 287 2827 D.
321 2785 472 2827 αἴτιον
505 2797 542 2828 c
724 2781 972 2839 κατέχεται
1003 2785 1223 2855 (tenetur
1228 2784 1311 2828 lat.
1343 2782 1540 2827 Hermes
1571 2783 1601 2829 1.
1635 2785 1692 2839 c.)
1725 2783 1775 2828 in
1805 2783 1915 2828 albo

230 2845 286 2899 12}
318 2855 403 2888 cm.
438 2856 476 2887 c.
598 2846 653 2886 22
687 2843 779 2886 τῶν
813 2856 899 2888 om.
933 2842 986 2887 E.
1107 2848 1163 2888 29
1195 2837 1225 2900 ἢ
1258 2842 1443 2888 addidi:
1477 2856 1566 2888 om.
1599 2856 1638 2887 c.
