2014 3162
782 181 844 188 -
925 164 1034 202 VIII
1109 178 1183 186 -

139 289 224 353 qui
275 301 447 337 revera
487 288 633 336 etiam
675 286 861 335 Sorano
902 286 1043 334 testis
1085 283 1236 332 semel
1276 290 1352 332 est
1390 284 1441 332 in
1481 282 1574 333 alio
1609 283 1821 348 quodam

141 363 305 426 graeci
358 366 523 410 textus
579 359 792 425 capitulo
849 373 1094 422 quemque
1148 357 1278 406 idem
1333 355 1550 406 Soranus
1597 359 1647 406 in
1697 357 1822 422 frag-

139 442 303 484 mento
358 434 441 483 illo
497 434 795 499 amplissimo
852 432 910 480 de
967 430 1182 496 alopecia
1237 431 1355 479 citat
1409 430 1538 496 apud
1586 430 1824 481 Galenum

140 503 268 576 (XII,
307 504 463 575 416),
514 506 859 572 Asclepiadeus
907 505 999 554 fuit
1047 510 1095 553 et
1135 503 1436 569 Asclepiadis
1475 503 1671 570 Bithyni
1710 505 1822 555 doc-

138 584 296 632 trinae
342 577 661 648 „corrector“
707 578 829 647 (Gal.
877 578 998 643 VIII,
1040 572 1189 645 758),
1243 579 1329 642 qui
1368 593 1428 627 ex
1467 578 1620 628 altero
1659 579 1826 628 Ascle·

142 656 283 721 piade
323 657 515 704 iuniore
555 654 901 719 pharmacione
943 647 1069 718 (XII,
1111 648 1229 701 745.
1256 650 1378 718 XIII,
1405 648 1526 702 528.
1552 649 1675 702 537.
1703 650 1823 704 646.

141 729 200 779 cf.
248 731 394 778 etiam
442 722 572 793 853)
625 734 674 776 et
721 743 778 775 ex
819 725 1161 774 Andromacho
1211 721 1360 792 (XIII,
1410 723 1481 775 30
1521 722 1637 792 etc.)
1678 741 1825 791 saepe

140 804 190 851 in
236 802 570 851 remediorum
625 802 885 864 scripturis
940 814 966 848 a
1015 798 1196 848 Galeno
1245 801 1424 848 citatur
1476 801 1528 849 in
1566 806 1600 849 t.
1641 798 1730 848 XII
1777 807 1827 850 et

142 874 252 924 XIII
285 870 383 942 (ed.
409 868 657 942 LipS.).19)
735 873 865 938 quod
906 878 1069 922 autem
1109 874 1161 922 in
1199 872 1412 938 capitulo
1445 872 1504 922 de
1538 873 1826 924 difficultate

142 957 313 1014 partus
354 964 523 998 errore
559 955 728 997 natum
760 947 1034 1011 falsumque
1069 953 1145 995 est
1187 947 1446 1012 scriptoris
1471 949 1827 1014 testimonium,

143 1023 234 1072 hoc
288 1022 374 1072 ubi
421 1029 614 1071 certum
662 1027 737 1070 est
781 1022 833 1070 in
879 1021 1184 1085 praefatione
1234 1021 1403 1070 fictum
1453 1035 1560 1070 esse
1599 1029 1826 1086 prompta

144 1103 218 1146 est
259 1097 490 1161 suspici0,
535 1110 658 1160 quae
698 1101 862 1144 tamen
901 1096 980 1143 vix
1021 1095 1066 1143 ei
1107 1109 1324 1159 congrua
1363 1094 1514 1144 fuerit
1553 1096 1638 1159 qui
1680 1095 1828 1144 alieni

145 1171 307 1234 operis
354 1169 698 1218 translatorem
747 1184 798 1217 se
846 1174 1005 1235 gerat,
1046 1183 1144 1217 non
1184 1169 1374 1234 proprii
1418 1174 1683 1219 auctorem.
1744 1168 1827 1218 ob·

143 1245 268 1292 viam
323 1243 519 1307 quidem
575 1242 702 1307 apud
757 1242 957 1291 Latinos
1021 1243 1166 1292 etiam
1222 1237 1474 1308 „Muscio“
1535 1250 1611 1292 est
1667 1237 1739 1310 (C.
1791 1242 1827 1292 Ι.

144 1315 194 1366 L.
221 1315 301 1382 III,
327 1313 471 1366 5265
510 1315 595 1365 ubi
634 1316 855 1382 „Auscus
894 1314 1164 1365 Muscionis
1205 1310 1405 1382 filius“),
1447 1315 1532 1365 sed
1574 1318 1658 1380 qui
1698 1323 1826 1366 octa·

145 1405 258 1439 vum
297 1388 681 1454 Inscriptionum
722 1389 1006 1439 Latinarum
1048 1395 1238 1439 tomum
1278 1405 1438 1455 nuper
1477 1389 1663 1439 editum
1702 1390 1829 1439 indi-

144 1478 324 1528 cesque
374 1465 667 1530 inspexerit,
722 1465 767 1512 ei
821 1465 988 1513 nescio
1045 1478 1106 1512 an
1162 1465 1377 1529 suspicio
1425 1463 1609 1512 incidat
1655 1464 1828 1514 Afrum

143 1537 296 1585 fuisse
343 1535 640 1586 Mustionem
695 1537 863 1602 quales
916 1537 1022 1586 Afri
1071 1538 1275 1587 fuerunt
1322 1537 1713 1602 frequentissimi
1758 1537 1830 1586 illi

144 1611 195 1659 in
242 1609 467 1658 Numidia
524 1606 595 1676 (et
646 1607 971 1678 Mauretania)
1021 1609 1189 1661 Mustii
1254 1606 1529 1677 (Mustiosi,
1598 1610 1831 1676 Mustioli,

145 1682 351 1732 Mustaci
390 1698 486 1732 una
527 1699 638 1733 cum
678 1685 874 1734 Mussiis
916 1692 965 1734 et
1003 1679 1377 1752 Mussiosis).²⁰)
1428 1690 1574 1748 atque
1622 1686 1688 1734 ita
1720 1685 1832 1733 fieri

148 1770 263 1806 sane
303 1758 463 1821 potuit
502 1763 557 1806 ut
595 1757 818 1807 Muscion
852 1753 1142 1826 (Μοσχίων)
1186 1761 1328 1808 testis
1370 1764 1559 1808 extaret
1596 1760 1830 1823 scriptori

147 1831 232 1894 qui
272 1837 403 1879 esset
442 1829 628 1880 Muscio
669 1831 744 1880 vel
784 1831 979 1882 Mustio,
1315 1872 1317 1874 -

260 1905 400 1952 cuius
440 1911 496 1953 ut
527 1906 714 1954 incerta
754 1913 870 1955 sunt
908 1921 1088 1955 nomen
1129 1921 1249 1970 gens
1290 1912 1421 1955 aetas
1447 1906 1626 1971 omnia,
1665 1907 1731 1955 ita
1756 1907 1828 1954 in-

146 1983 281 2025 certa
331 1975 444 2025 libri
485 1984 559 2026 est
597 1979 741 2046 fideS,
791 1981 874 2043 qui
914 1979 1167 2029 codicibus
1209 1979 1407 2044 quidem
1456 1980 1574 2028 satis
1614 1981 1832 2043 antiquis

148 2049 234 2098 sed
285 2052 453 2114 paucis
504 2058 552 2099 et
598 2055 845 2116 corruptis
894 2059 1062 2119 atque,
1103 2067 1215 2102 cum
1257 2053 1314 2102 ad
1356 2067 1588 2118 graecum
1629 2054 1830 2101 interim

147 2129 336 2172 textum
376 2126 575 2188 utrique
617 2133 941 2176 consonantes
980 2133 1220 2193 spectent,
1261 2126 1453 2191 aequali
1483 2126 1587 2175 fere
1621 2127 1832 2176 auctori-

146 2203 245 2245 tate
304 2197 677 2247 dissociabiliter
724 2199 1091 2263 divergentibus
1131 2201 1190 2249 ad
1231 2207 1450 2250 nostram
1490 2196 1698 2267 aetatem
1735 2206 1831 2249 tra-

149 2268 281 2319 ditus
329 2272 405 2319 sit.
498 2270 631 2320 hunc
687 2287 774 2336 ego
834 2273 1095 2323 meliorum
1154 2274 1380 2324 codicum
1426 2271 1518 2339 ope
1566 2273 1832 2323 destitutus

151 2358 283 2392 nunc
329 2351 478 2407 prout
527 2347 665 2408 potui
712 2347 900 2409 primus
949 2347 1099 2413 edidi,
1147 2348 1323 2398 additis
1370 2363 1430 2397 ex
1469 2348 1615 2396 unico
1663 2346 1832 2396 codice

153 2417 317 2480 graeci
356 2423 519 2466 textus
570 2417 791 2482 reliquiis
831 2419 1092 2470 Dietzianis
1146 2423 1335 2471 recenti
1390 2428 1546 2471 aetate
1602 2422 1706 2470 sine
1745 2435 1833 2484 spe

155 2491 402 2554 excerptis
442 2492 753 2555 pessimeque
793 2492 985 2543 habitis.
1048 2510 1214 2544 ansam
1255 2503 1418 2545 autem
1458 2496 1609 2545 totius
1649 2495 1833 2558 negotii

155 2563 290 2612 dedit
344 2563 496 2612 codex
546 2560 903 2632 Hafniensis21)
951 2583 1095 2632 quem
1143 2571 1331 2618 nemini
1378 2568 1536 2618 adhuc
1582 2569 1833 2632 cognitum

154 2635 358 2688 Hafniae
398 2644 618 2686 moratus
657 2641 854 2702 repperi
895 2655 1021 2689 anno
1066 2639 1222 2692 1863.

259 2738 530 2788 Berolini
573 2739 618 2790 7.
661 2739 793 2806 Sept.
838 2739 994 2792 1881.
1586 2747 1650 2794 V.
1691 2749 1755 2794 B..
