2014 3162
717 116 1119 169 —285—

159 311 423 360 XXXVIII
477 308 623 376 Περὶ
662 313 764 375 τῆς
802 312 902 360 τοῦ
943 305 1213 374 ὀμφαλοῦ
1251 305 1660 371 ἆποπτώσεως.

192 431 311 478 110.
351 430 446 477 Δεῖ
479 425 533 477 δὲ
570 426 653 476 καὶ
690 423 748 477 τὰ
787 422 932 477 λοιπὰ
962 429 1060 476 τῶν
1092 422 1214 476 κατὰ
1244 422 1489 492 πρόβασιν
1518 431 1616 477 τῶν
1646 425 1757 494 χρό-

70 528 173 559 νων
209 506 582 575 παραγγέλματα
621 507 925 573 έπιθεωρεῖν.

105 653 107 655 q
180 588 264 639 καὶ
308 593 515 654 πρῶτων
562 586 652 653 μὲν
690 585 804 654 μετὰ
843 594 968 655 τρεῖς
1004 585 1038 654 ἢ
1077 587 1310 653 τέσσαρας
1347 582 1530 655 ἡμέρας
1566 585 1599 654 ἢ
1640 585 1758 640 ὃπο-

70 673 257 721 σασοῦν
301 673 389 720 τοῦ
440 665 669 735 ὀμφαλοῦ
708 666 828 720 κατὰ
868 666 1124 736 μαρασμὸν
1161 666 1512 735 ἆποπεσόντος,
1550 667 1602 722 τὸ
1642 667 1759 722 ὑπο·
1784 693 1804 724 5

68 749 280 816 λειφθὲν
309 747 431 801 κατὰ
463 747 554 816 τὴν
584 747 732 817 βάσιν
763 747 1019 816 ἓλκύδριον
1049 747 1459 817 ἀποθεραπεύειν.
1506 753 1563 802 αἱ
1586 751 1761 803 πολλαὶ

67 829 162 897 μὲν
200 824 295 883 οῦν
332 835 562 898 γυναῖκες
599 827 842 882 καύσασαι
880 833 1092 898 χοίρειον
1122 827 1426 899 ἀστράγαλον
1455 832 1539 882 καὶ
1568 838 1759 897 λειοτρι-

68 908 285 977 ’βήσασαι
329 907 361 977 ἢ
409 913 604 976 κοχλίας
640 906 673 977 ἢ
713 909 928 978 βολβοὺς
977 909 1355 977 ἐπιπάσσουσιν,
1395 914 1451 963 αἵ
1485 912 1539 964 δὲ
1577 908 1761 979 μόλυβ-

68 994 165 1044 δον
210 991 514 1058 κεκαυμένον
559 992 643 1043 καὶ
689 992 1012 1058 πεπλυμένον.
1097 990 1301 1058 ἄμεινον
1350 991 1404 1043 δὲ
1452 991 1626 1044 τούτου
1679 993 1762 1043 καὶ

67 1070 356 1139 σφόνδυλον
400 1077 466 1144 τῷ
514 1073 801 1143 ἕριουργικῷ
846 1075 1197 1139 παραπλησίως
1244 1075 1594 1140 σχηματίσασαι
1641 1071 1760 1124 κατὰ
1788 1097 1827 1129 10

69 1158 161 1222 τῆς
198 1160 285 1207 τοῦ
326 1151 556 1220 ὀμφαλοῦ
594 1153 754 1222 χώρας
792 1155 1049 1222 έρείδουσι,
1090 1151 1173 1206 διὰ
1211 1151 1262 1206 τὸ
1296 1153 1605 1221 ἕμψυκτικήν
1636 1151 1761 1205 εἶναι

75 1233 167 1302 τὴν
204 1233 331 1302 ῦλην
369 1235 846 1302 ἕπουλωθησομένης
883 1240 969 1302 τῆς
994 1233 1254 1300 ἓλκώσεως,
1294 1233 1377 1286 διὰ
1402 1233 1531 1287 δὲτὸ
1558 1240 1762 1304 βαρεῖαν

67 1315 325 1384 εὐπρεπῶς
364 1318 431 1378 εἰς
469 1313 724 1382 κοιλότητα
761 1315 1185 1382 τυπωθησομένου
1223 1320 1310 1367 τοῦ
1350 1313 1589 1382 ὀμφαλοῦ.

346 1539 557 1591 XXXIX
609 1535 760 1589 Πότε
798 1538 897 1588 καὶ
934 1542 1055 1598 πῶς
1093 1536 1485 1603 παραλυτέον.

187 1661 308 1706 111.
347 1652 621 1722 Προιόντος
661 1654 715 1706 δὲ
751 1659 838 1707 τοῦ
877 1652 1057 1752 χρόνου
1089 1654 1171 1705 καὶ
1202 1651 1300 1706 άπὸ
1332 1659 1433 1706 τῶν
1465 1652 1761 1723 σπαργάνων
1786 1677 1827 1710 15

70 1733 192 1788 αὐτὸ
233 1737 315 1787 δεῖ
344 1733 492 1788 λύειν.
556 1736 708 1787 ε’νιοι
747 1735 835 1802 μὲν
875 1737 967 1788 οὐν
1004 1735 1113 1803 περὶ
1151 1733 1539 1802 τεσσαρακοστὴν
1576 1733 1763 1803 ἡμέραν

70 1821 212 1868 τοῦτο
259 1821 513 1881 ποιοῦσιν,
560 1819 620 1869 οἷ
659 1817 866 1869 πολλοὶ
914 1816 967 1867 δὲ
1005 1816 1114 1883 περὶ
1153 1813 1244 1881 τὴν
1286 1814 1575 1883 ἕξηκοστήν,
1624 1819 1676 1869 οἵ
1709 1815 1764 1867 δὲ

68 1896 157 1948 καὶ
210 1896 511 1964 μακροτέραν
571 1893 750 1963 ταύτης
811 1900 1121 1964 προθεσμίαν
1178 1893 1435 1965 ὁρίζουσιν.
1523 1895 1662 1964 ἡμεῖς
1713 1887 1759 1948 δ’

74 1978 180 2030 ἐπεὶ
217 1975 409 2045 πήξεως
448 1977 591 2029 ἕνεκα
628 1975 751 2046 πρὸς
790 1975 1095 2045 διαστροφὴν
1133 1977 1464 2045 χρηματισμὸν
1497 1977 1763 2047 εὔχρηστόν

71 2079 238 2126 φαμεν
276 2056 334 2110 τὰ
375 2056 651 2127 σπάργανα,
689 2057 792 2110 τότε
830 2057 1101 2126 παραλύειν
1140 2057 1263 2111 αὐτὰ
1303 2058 1648 2126 δοκιμάζομεν,
1687 2057 1764 2112 ὅτε
1788 2083 1830 2114 20

75 2138 175 2207 ἤδη
216 2142 419 2208 μετρίως
458 2137 731 2208 πεπηγότος
767 2145 855 2192 τοῦ
894 2137 1114 2206 σώματος
1154 2137 1314 2192 οὐκέτι
1353 2138 1514 2206 φόβος
1544 2141 1640 2192 ἐστὶ
1677 2145 1763 2193 τοῦ

74 2223 451 2290 διαστραφῆναί
485 2244 529 2274 τι
569 2222 711 2290 μέρος
751 2218 927 2274 αὐτῶν.
1003 2227 1144 2274 τοῦτο
1184 2220 1274 2287 μὲν
1311 2218 1406 2289 γὰρ
1444 2218 1527 2286 ἐφ’
1571 2215 1642 2272 ὧν
1682 2217 1764 2272 διὰ

71 2377 390 2437 κρυψόρχαιοι
422 2380 538 2437 (sic).
573 2377 622 2425 οι
649 2378 702 2425 δε
736 2394 773 2426 c
923 2385 949 2424 2
983 2382 1081 2426 δεῖς
1115 2378 1169 2425 αἴ
1197 2395 1234 2425 c.
1396 2386 1422 2426 3
1454 2379 1620 2425 bibulus
1650 2379 1762 2425 novi

71 2453 175 2497 cap
209 2442 319 2496 post
350 2437 655 2510 ἐπιθεωρεῐν
669 2439 861 2496 ponitur
891 2440 940 2484 in
972 2454 1008 2484 c.
1132 2445 1160 2484 4
1192 2435 1401 2484 ὁποσοῦν
1435 2439 1536 2496 (sic)
1570 2452 1594 2483 c
1626 2441 1758 2509 (corr

64 2496 148 2554 Ε).
270 2504 297 2543 5
329 2495 691 2557 καταμερασμόν
723 2513 747 2543 ο
791 2501 926 2555 (corr.
957 2499 1030 2556 E).
1153 2505 1179 2544 6
1210 2495 1331 2543 κατὰ
1364 2499 1424 2543 E:
1457 2498 1536 2542 καὶ
1569 2514 1691 2542 κατα
1726 2512 1764 2541 c.

137 2562 164 2602 8
197 2552 225 2613 ἢ
259 2558 367 2603 ante
397 2560 588 2615 κοχλίας
620 2572 709 2603 om.
736 2572 773 2602 o.
896 2563 922 2602 9
955 2558 1094 2602 τοῦτο
1127 2558 1207 2602 καὶ
1238 2554 1488 2614 σφονδύλω
1522 2572 1546 2602 c
1580 2556 1654 2613 (cf.
1681 2556 1762 2601 lat.

72 2615 281 2671 frustum
324 2618 502 2673 plumbi
543 2618 605 2663 ad
634 2618 734 2662 sim.
765 2617 949 2662 denarii
978 2618 1218 2672 facientes:
1265 2631 1383 2672 quae
1416 2616 1687 2661 exciderunt
1716 2617 1766 2659 in

79 2688 248 2745 graeco
280 2675 444 2731 textzu).
570 2681 624 2721 10
657 2681 936 2733 σχηματῖσαι
968 2677 1071 2735 (sic)
1104 2690 1128 2720 c
1160 2679 1292 2732 (corr.
1311 2675 1384 2747 D).
1509 2680 1564 2720 18
1596 2672 1644 2719 δ’
1662 2671 1767 2720 ἐπεὶ

80 2729 286 2804 πήξεωςε
320 2734 374 2779 δὲ
378 2732 699 2804 περὶπήξεως
729 2736 828 2793 (sic)
863 2750 900 2783 c.
1078 2741 1130 2780 19
1162 2733 1279 2792 πρὸς
1309 2732 1630 2791 ἄδιάστροφον
1661 2747 1766 2789 σχη-

79 2789 312 2862 ματισμὸν
344 2787 578 2852 εὔχρηστα
610 2794 671 2839 E2
701 2809 747 2852 Ρ.
772 2799 844 2839 48.
978 2799 1035 2840 20
1068 2793 1382 2852 παραγκέλειν
1416 2794 1516 2851 (sic)
1549 2807 1586 2838 c.
1708 2796 1764 2836 22

73 2848 170 2907 γὰρ
202 2865 293 2897 om.
328 2866 352 2897 c
385 2854 490 2910 (ουν
523 2853 628 2898 add.
660 2853 734 2910 E).
