2014 3162
778 167 845 172 --
931 135 1034 188 125
1112 167 1172 172 —

139 264 323 310 matrici
354 263 517 323 subige
549 266 597 309 et
628 264 837 322 subpone
867 265 918 308 in
947 264 1175 322 proximo.
1228 265 1319 310 hoc
1351 267 1398 310 et
1424 267 1641 312 humores
1665 282 1824 313 omnes

137 323 360 369 detrahit.

262 387 333 427 31.
383 383 524 426 aliud.
565 382 773 449 puleium
803 381 901 427 sine
932 381 1061 426 fumo
1092 382 1166 427 vel
1199 395 1358 428 recens
1389 384 1572 438 tritum,
1606 399 1825 441 myrram,

141 441 278 499 piper
308 443 495 486 contere
526 441 645 486 bene
677 442 725 486 et
754 440 805 484 in
834 455 994 498 pessos
1026 441 1204 498 subige.

256 504 328 544 32.
368 500 487 544 alius
518 514 680 557 pessus
712 500 794 556 qui
825 499 1099 566 sanguinem
1130 502 1419 545 menstruum
1450 501 1654 546 deducit.
1716 502 1825 547 elle·
1849 511 1870 543 5

135 560 302 604 borum
347 557 532 616 nigrum
581 560 630 603 et
671 573 874 615 myrram
911 558 1015 616 pari
1053 559 1258 615 pondere
1298 562 1485 605 contere
1516 562 1564 604 et
1593 560 1641 604 in
1671 574 1720 605 se
1751 561 1826 606 fac

137 618 255 662 bene
293 619 348 662 ut
377 618 503 662 lenia
535 617 642 662 sint
703 617 909 663 admisce
947 618 1174 675 unguenti
1203 618 1449 675 pusillum,
1481 620 1529 664 et
1558 620 1633 664 fac
1662 622 1715 665 ut
1744 635 1827 664 nu·

142 677 268 722 cleus
299 676 510 721 modicus
543 677 696 722 olivae
728 676 910 731 similis,
942 679 991 722 et
1022 677 1242 734 subpone.

254 741 325 781 33.
357 734 549 803 (alius)
571 750 732 792 pessus
851 736 1044 780 minoris
1077 750 1130 795 5,
1161 750 1342 793 myrrae
1376 751 1426 794 3,
1459 737 1632 781 micam
1664 737 1824 792 salis3.

133 794 246 840 teris
287 794 444 838 omnia
481 795 648 839 deinde
688 795 844 840 oleum
883 794 1112 839 liliacium
1152 794 1279 852 quod
1319 772 1490 840 suffi’cit
1527 795 1731 841 admisce
1774 799 1827 840 ιι13
1851 806 1893 837 10

139 854 340 911 spissum
371 854 435 897 sit
464 854 514 897 et
545 854 719 910 subige.

255 918 327 957 34.
374 911 494 957 alius
534 926 711 969 pessus.
764 913 908 956 etiam
947 914 1125 956 stercus
1158 911 1378 957 detrahit.
1441 913 1686 958 elaterium
1718 914 1827 980 scri-

135 972 298 1029 uplum
335 971 377 1027 1,
426 971 761 1016 scammoniam
797 985 816 1026 3
859 970 1105 1015 dimidium
1150 985 1255 1015 cum
1302 985 1411 1016 suco
1458 972 1585 1029 porri
1630 972 1826 1029 virginis

135 1033 327 1075 contere
358 1031 407 1075 et
436 1030 511 1075 fac
542 1031 801 1087 pessarium
832 1032 880 1075 et
911 1030 1090 1087 subige.

254 1094 325 1135 35.
372 1089 502 1148 potio
542 1090 603 1133 ad
639 1091 880 1134 menstrua
916 1089 1228 1146 provocanda.
1298 1090 1534 1146 cyminum
1570 1089 1733 1134 tritum
1773 1104 1828 1135 ex
1852 1101 1893 1133 15

135 1163 259 1206 aqua
289 1150 440 1194 mulsa
470 1149 532 1193 da
562 1151 616 1193 ut
646 1148 794 1194 bibat.

253 1213 323 1254 36.
357 1208 452 1252 alia
482 1208 625 1266 potio.
672 1207 882 1265 puleium
914 1207 1012 1252 sine
1043 1207 1171 1251 fumo
1209 1208 1292 1252 aut
1329 1221 1489 1252 recens
1519 1208 1639 1253 bene
1663 1208 1827 1252 tritum

136 1281 243 1312 cum
273 1267 382 1311 vino
415 1268 477 1311 da
506 1268 560 1311 ut
590 1266 737 1311 bibat.

256 1332 328 1371 37.
361 1326 456 1370 alia
486 1324 634 1384 potio,
665 1329 720 1370 ut
742 1325 1016 1382 sanguinem
1040 1325 1292 1369 menstruis
1315 1311 1570 1382 plurimum
1593 1326 1826 1393 detrahas.

135 1385 288 1430 violae
321 1399 481 1430 semen
513 1387 561 1429 et
590 1399 795 1441 myrram
825 1384 928 1440 pari
957 1385 1162 1441 pondere
1195 1384 1394 1428 conteris
1420 1388 1469 1429 et
1492 1399 1548 1429 ex
1571 1384 1680 1430 vino
1703 1384 1826 1429 bono
1850 1396 1893 1428 20

136 1444 198 1489 da
235 1445 289 1488 ut
326 1445 474 1490 bibat.
536 1444 662 1500 quod
706 1443 746 1487 si
775 1443 976 1488 validius
1006 1443 1250 1487 detrahere
1281 1443 1430 1498 voles,
1476 1443 1650 1501 piperis
1681 1457 1828 1501 grana

137 1503 180 1547 V
212 1504 296 1548 aut
328 1503 414 1547 VII
446 1505 528 1548 aut
536 1459 687 1547 01ἛῙΠΠ
718 1502 959 1547 admisces,

253 1567 325 1607 38.
368 1562 500 1620 potio
541 1562 731 1619 optima.
793 1561 969 1618 piperis
1001 1575 1020 1616 3
1070 1562 1119 1605 et
1157 1561 1384 1605 absinthii
1419 1560 1698 1606 tantundem
1728 1564 1827 1606 tere

131 1635 189 1665 ex
234 1635 368 1677 aqua.
431 1622 492 1666 da
535 1622 589 1665 ut
618 1621 762 1666 bibat.
839 1620 981 1665 etiam
1028 1633 1147 1676 quae
1194 1620 1252 1665 ad
1300 1633 1518 1676 praesens
1565 1620 1829 1677 conceperit

134 1679 297 1782 stalttim
328 1679 514 1737 deiciet,
546 1682 600 1724 ιι13
631 1679 906 1736 sanguinem
933 1681 1140 1723 resumat
1164 1679 1291 1735 quod
1316 1679 1374 1723 de
1398 1679 1646 1725 menstruis
1670 1679 1826 1724 venire
1851 1689 1892 1721 25

131 1753 184 1784 so
206 1740 266 1784 et.

252 1802 322 1844 39.
348 1799 456 1842 sunt
475 1797 660 1854 aliquae
683 1797 903 1842 mulieres
930 1811 1049 1853 quae
1072 1797 1238 1842 volunt
1261 1799 1497 1842 menstrua
1521 1811 1605 1841 sua
1628 1796 1825 1842 differre.

132 1857 220 1902 hac
259 1859 451 1914 propter
490 1857 552 1901 ad
590 1857 746 1902 colum
776 1856 952 1913 piperis
985 1855 1083 1900 albi
1114 1856 1300 1901 contusi
1329 1858 1378 1900 et
1407 1856 1533 1900 faeni
1563 1856 1722 1914 graeci
1752 1869 1827 1900 ae-

133 1916 273 1972 quale
315 1917 499 1972 pondus
536 1915 650 1960 teris
689 1917 743 1959 ut
781 1915 1022 1972 pulverem
1061 1915 1222 1959 facias,
1292 1915 1496 1960 admisce
1535 1915 1585 1959 in
1623 1914 1825 1969 condito,

50 1970 61 1974 “
133 1979 182 2020 et
213 1974 345 2019 dabis
376 1974 426 2018 in
455 1975 640 2031 balneo,
682 1988 788 2018 cum
818 1974 867 2018 in
898 1974 1084 2019 sabanis
1117 1973 1311 2028 sederit,
1351 1974 1426 2018 die
1457 1973 1723 2019 intermissa
1751 1987 1824 2018 us-
1851 1984 1893 2016 30

136 2049 226 2098 que
249 2035 414 2149 ἑξῆς
426 2092 580 2137 Laicis
618 2096 682 2148 8).
730 2091 899 2136 mulier
938 2093 991 2135 ut
1039 2091 1274 2149 concipiat
1313 2091 1457 2136 etiam
1496 2091 1536 2136 si
1574 2105 1826 2147 numquam

132 2153 411 2208 conceperit.
475 2165 616 2208 capra
661 2165 767 2196 cum
806 2150 1008 2208 peperit,
1053 2152 1305 2208 antequam
1342 2151 1519 2196 haedus
1558 2151 1658 2195 eius
1690 2149 1825 2194 suffe-

253 2290 274 2328 1
317 2283 546 2338 matrici}
579 2284 693 2340 (sic).
847 2288 873 2326 3
912 2283 1167 2340 pulegium.
1320 2288 1349 2326 4
1387 2296 1537 2339 pessa.
1690 2287 1715 2326 5
1756 2285 1824 2336 31]

133 2357 336 2400 pessum.
489 2342 722 2388 Elleboris
751 2342 874 2399 nigri
907 2343 1001 2398 (cet.
1035 2343 1094 2396 cf.
1128 2342 1277 2398 Cleop.
1310 2355 1384 2398 αΡ.
1427 2342 1566 2395 Wolf.
1589 2355 1639 2398 Ρ.
1674 2342 1766 2397 94).

139 2407 166 2446 7
197 2403 256 2456 cf.
291 2401 440 2459 Cleop.
474 2415 510 2447 c.
542 2406 607 2447 23
640 2402 736 2447 cod.
769 2401 921 2455 Hafn.
954 2401 989 2456 f.
1024 2405 1108 2445 31²
1140 2404 1188 2445 et
1218 2399 1365 2445 facias
1397 2399 1531 2457 quasi
1563 2399 1825 2466 similitudi·

135 2475 243 2505 nem
278 2460 400 2506 olive
432 2462 480 2505 et
511 2455 756 2518 subpones.
936 2464 963 2504 8
1010 2460 1231 2516 subpone.
1278 2473 1439 2517 pessus
1478 2458 1672 2504 minoris
1712 2459 1824 2515 (sic).

132 2521 254 2564 hwnc
293 2520 351 2575 cf.
384 2533 458 2576 αΡ.
500 2520 573 2564 W.
599 2534 650 2577 Ρ.
682 2523 745 2565 97
773 2520 994 2574 (Mosch.)
1032 2523 1074 2563 et
1102 2533 1152 2575 Ρ.
1184 2522 1245 2564 95
1274 2517 1484 2575 (Gleop).
1634 2523 1659 2562 9
1691 2531 1826 2561 muca

135 2579 254 2636 (sic).
393 2584 446 2623 12
479 2578 608 2623 aliud
639 2592 816 2636 pessus.
959 2583 1012 2622 13
1046 2578 1295 2623 scamonia.
1422 2583 1478 2622 14
1504 2581 1608 2633 post
1639 2575 1823 2633 subige:

135 2652 219 2696 EX
249 2653 359 2696 PES
392 2653 618 2709 (Explicit
646 2652 886 2710 pessaria).
1011 2656 1065 2696 17
1097 2651 1352 2709 pulegium.
1477 2656 1531 2696 18
1562 2652 1636 2695 ιι13.
1668 2651 1719 2694 ὣ.

85 2773 101 2780 -
135 2745 192 2784 23
225 2740 419 2786 absenti.
544 2745 601 2785 25
631 2755 816 2786 resuma
847 2755 875 2785 a
906 2721 936 2796 ᾖ
969 2741 1083 2796 (sic).
1215 2745 1271 2784 28
1303 2739 1371 2784 Ac
1402 2754 1445 2795 p.
1473 2796 1482 2805 α
1569 2740 1822 2783 contusum.

140 2804 197 2843 29
229 2799 434 2844 admisce
465 2799 771 2844 inconditum.
931 2805 986 2843 33
1020 2799 1146 2843 edus.
1277 2798 1509 2842 suffecerit
1541 2799 1644 2853 (sie,
1678 2808 1823 2840 surre-

137 2858 259 2902 xerit
299 2858 402 2929 W'i
420 2861 581 2916 surgat
610 2859 774 2914 Lem).
