2014 3162
863 119 1263 171 —172—

226 248 605 304 ’ὑποπιπτόντων
643 255 699 322 τῇ
739 255 857 322 μαίᾳ
888 249 1037 303 πάλιν
1062 253 1131 313 εἴς
1154 271 1202 303 τε
1232 248 1317 303 τὸν
1347 252 1457 318 περὶ
1487 257 1584 304 τῶν
1615 248 1736 303 κατὰ
1762 249 1923 318 φύσιν

226 332 310 383 καὶ
349 334 416 394 εἰς
453 330 540 384 τὸν
578 333 688 398 περὶ
726 338 824 385 τῶν
861 329 996 401 παρὰ
1038 330 1209 397 φύσιν,
1249 333 1298 394 ἐξ
1339 326 1414 384 ὧν
1451 331 1538 386 τὸν
1577 332 1664 399 μὲν
1694 332 1924 400 περὶτῶν

228 411 351 464 κατὰ
392 411 546 479 φύσιν
584 416 653 476 εἴς
691 434 738 466 τε
770 411 855 466 τὸν
887 411 1120 480 φυσικόν,
1159 413 1214 465 έν
1246 407 1285 484 ᾧ
1310 411 1616 481 σκεπτόμεθα
1639 413 1749 481 περὶ
1773 413 1919 480 σπέρ-

229 516 376 560 ματος
413 495 496 546 καὶ
534 498 827 565 ζῳογονίας,
874 495 958 546 καὶ
1003 496 1072 556 εἰς
1109 491 1195 546 τὸν
1233 491 1452 562 ὑγιεινὸν
1490 493 1592 562 ἅμα
1629 496 1712 546 καὶ
1750 515 1919 561 μαιευ-

184 587 204 620 5
227 574 387 641 τικόν,
434 576 489 627 ἐν
536 569 575 647 ᾧ
622 578 977 642 συνειληφυίας
1021 575 1104 626 καὶ
1150 572 1483 643 ἆποτεκούσης
1529 576 1803 643 ἐπιμέλειαν
1849 578 1920 627 δι-

229 655 474 723 δάσκομεν
513 654 928 719 συναποδιδόντες
966 657 1051 708 καὶ
1087 653 1173 708 τὸν
1210 657 1322 724 περὶ
1359 658 1717 724 παιδοτροφίας
1754 653 1919 724 λόγον,

225 734 312 788 τὸν
351 736 405 788 δὲ
444 737 555 804 περὶ
592 741 691 788 τῶν
727 734 860 803 παρὰ
900 735 1056 803 φύσιν
1095 739 1163 799 εἰς
1199 734 1284 789 τὸν
1313 738 1424 804 περὶ
1453 742 1551 790 τῶν
1590 734 1921 807 ὑπαγομένων

225 823 282 887 τῇ
317 821 478 889 διαίτῃ
514 823 715 884 παθῶν,
754 819 808 870 ἐν
840 811 878 888 ᾧ
909 819 992 870 καὶ
1022 818 1134 886 περὶ
1165 818 1344 886 ἐποχῆς
1374 817 1607 886 ἐμμήνων
1636 819 1719 870 καὶ
1743 834 1915 886 στραγ-

225 903 317 967 γῆς
355 898 646 967 καθάρσεως
677 899 761 951 καὶ
790 897 965 967 πνιγὸς
996 896 1249 968 ὖστερικῆς
1279 901 1362 952 καὶ
1393 905 1491 952 τῶν
1522 896 1708 966 ὁμοίων
1736 903 1919 951 παθῶν

163 992 205 1023 10
230 980 565 1047 ἐπιζητοῦμεν,
603 980 687 1031 καὶ
725 982 792 1042 εἰς
829 978 915 1033 τὸν
952 981 1060 1049 περὶ
1099 986 1198 1032 τῶν
1229 983 1556 1050 χειρουργίαις
1587 980 1669 1032 καὶ
1700 977 1762 1033 οὗ
1789 1001 1920 1047 φαρ-

229 1064 465 1127 μακείαις,
505 1059 570 1113 δι’
615 1053 673 1113 οἶ
707 1059 1015 1129 σκεπτόμεθα
1046 1062 1156 1129 περὶ
1188 1063 1447 1124 δυστοκίας
1486 1062 1568 1113 καὶ
1600 1059 1924 1129 προπτῶσεως

227 1138 430 1210 ὑστέρας
467 1143 550 1194 καὶ
587 1147 686 1194 τῶν
725 1143 968 1210 ε’μφερῶν.
1043 1140 1129 1195 τὸν
1168 1142 1257 1210 μὲν
1295 1135 1388 1195 οὖν
1429 1139 1645 1208 φυσικὸν
1684 1140 1926 1210 ἄχρηστον

229 1221 347 1274 ὄντα
384 1220 507 1290 πρὸς
544 1221 597 1275 τὸ
628 1223 778 1287 τέλος,
821 1222 1127 1290 φερέκοσμον
1159 1222 1213 1275 δὲ
1246 1221 1371 1292 πρὸς
1401 1221 1812 1292 χρηστομοὶθειαν,
1849 1244 1926 1276 κε-

226 1306 500 1370 χωρίκαμεν
561 1304 816 1369 ἐντεῦθεν,
881 1301 1037 1370 μόνον
1084 1301 1208 1372 πρὸς
1261 1301 1313 1357 τὸ
1368 1302 1530 1372 παρὸν
1569 1303 1788 1372 ἐχόμενοι
1826 1309 1924 1358 τῶν

162 1395 203 1428 15
227 1381 522 1452 ἀναγκαίων.
608 1382 701 1452 πρὸ
750 1384 804 1436 δὲ
849 1390 948 1436 τῶν
993 1383 1155 1437 ἄλλων
1202 1387 1409 1454 ἐροῦμεν
1454 1391 1650 1454 πρῶτον
1686 1383 1773 1439 τὸν
1810 1385 1921 1454 περὶ

226 1470 311 1531 τῆς
350 1467 512 1532 μαίας,
552 1462 651 1518 εἶτα
682 1463 768 1518 τὸν
798 1462 1035 1534 ὑγιεινόν,
1074 1463 1174 1519 εἶτα
1204 1465 1291 1520 τὸν
1321 1469 1431 1536 περὶ
1460 1472 1558 1520 τῶν
1588 1464 1723 1534 παρὰ
1747 1465 1921 1534 φύσιν.

228 1544 575 1614 στιβαρώτερος
621 1545 714 1616 γὰρ
761 1539 904 1609 οὗτος
948 1547 1033 1598 καὶ
1079 1545 1193 1614 μετὰ
1241 1551 1484 1612 ποικιλίας
1543 1548 1927 1617 δυσχερέστερος,

229 1625 305 1679 διὸ
346 1628 428 1679 καὶ
466 1634 734 1690 τελευταῖος
774 1625 958 1694 ὀφείλει
996 1631 1382 1697 παραδίδοσθαι.

301 1823 326 1870 Ι
369 1822 469 1881 Τίς
507 1819 668 1871 ἔστιν
707 1818 1047 1887 ἐπιτήδειος
1085 1818 1230 1888 πρὸς
1268 1818 1327 1873 τὸ
1367 1819 1655 1890 γενέσθαι
1694 1829 1850 1890 μαῖα.

161 1954 206 1987 20
380 1942 427 1990 3.
488 1936 776 2006 Εῧχρηστος
829 1937 918 2005 μὲν
965 1935 991 1991 ὁ
1037 1937 1180 2008 λόγος
1233 1937 1357 2007 πρὸς
1410 1938 1462 1992 τὸ
1519 1938 1584 2009 μὴ
1641 1938 1724 1993 διὰ
1778 1945 1924 2008 κενῆς

227 2024 402 2070 πονεῖν
438 2019 520 2070 καὶ
558 2017 643 2081 τὰς
682 2017 1053 2086 ἀνεπιτηδείους
1093 2019 1290 2082 διδάξαι
1326 2023 1761 2090 προσδεχομένους.
1823 2023 1923 2075 ε’πι-

227 2097 418 2166 τήδειος
459 2100 514 2152 δέ
551 2100 679 2152 ἔστιν
709 2097 740 2168 ἡ
773 2099 1068 2170 γραμμάτων
1099 2100 1251 2168 ε’ντός,
1290 2099 1538 2172 ἀγχίνους,
1579 2102 1803 2172 μνήμων,
1843 2126 1923 2170 φι-

228 2179 456 2246 λόπονος,
502 2179 729 2249 κόσμιος,
774 2182 853 2233 καὶ
894 2180 1015 2234 κατὰ
1054 2180 1106 2235 τὸ
1146 2180 1319 2235 κοινὸν
1356 2180 1780 2252 ἆπαρεμπόδιστος
1816 2193 1921 2248 ταῖς

230 2260 535 2328 αἰσθήσεσιν,
574 2259 847 2332 ἄρτιμελής,
887 2261 1101 2329 εὔτονος,
1141 2260 1208 2326 ὥς
1247 2262 1294 2315 δ’
1337 2266 1461 2317 ἔνιοι
1491 2265 1686 2334 λέγουσι
1716 2267 1799 2318 καὶ
1831 2288 1922 2333 μα-

162 2358 205 2391 25
228 2340 379 2411 κροὺς
432 2344 515 2395 καὶ
553 2341 757 2407 λεπτοὺς
795 2345 973 2412 ἔχουσα
1011 2342 1128 2407 τοὺς
1171 2349 1269 2397 τῶν
1319 2350 1492 2414 χειρῶν
1533 2344 1802 2410 δακτύλους
1839 2348 1921 2399 καὶ

347 2506 376 2544 4
408 2498 685 2558 ματωτικὸν.
810 2508 836 2547 5
869 2499 1194 2555 ἀποτεκοῦσας
1226 2504 1325 2561 (sic,
1357 2517 1473 2549 corr.
1505 2504 1575 2560 E).
1699 2508 1726 2550 8
1759 2505 1818 2550 de
1849 2505 1918 2550 di-

230 2559 392 2604 aeticis
431 2560 728 2617 passionibus
766 2576 808 2605 v.
842 2562 1016 2606 Anecd.
1049 2562 1093 2606 Π
1130 2577 1176 2619 p.
1210 2567 1310 2607 206.
1495 2568 1550 2607 10
1591 2558 1643 2608 ἐν
1681 2579 1796 2621 χειρ.
1837 2565 1919 2609 καὶ

230 2635 375 2675 φαρμ.
409 2632 434 2663 c
466 2618 566 2675 (ubi
598 2616 650 2663 ἐν
681 2621 770 2664 del.
803 2620 855 2675 E,
889 2618 946 2664 οὖ
976 2620 1077 2677 ipse
1108 2621 1283 2666 addidi.
1346 2621 1403 2666 cf.
1437 2621 1561 2667 Cael.
1594 2622 1688 2668 chr.
1722 2627 1764 2679 2,
1797 2625 1918 2680 148).

230 2677 367 2722 aliter
397 2690 504 2723 mox
537 2677 633 2723 Sor.
667 2678 702 2734 I,
726 2683 766 2723 4.
905 2684 958 2724 12
993 2677 1294 2737 ἑμφερόντων
1327 2683 1460 2738 (cort.
1494 2682 1565 2738 Ε).
1690 2687 1744 2726 13
1776 2698 1918 2739 κεχω-

228 2733 440 2794 ρήκαμεν
472 2738 605 2793 (corr.
639 2735 709 2793 E).
832 2742 889 2782 20
920 2736 1007 2796 μή;
1040 2739 1106 2784 sic
1139 2754 1163 2784 ο
1196 2741 1308 2796 (non
1331 2739 1450 2797 μέν).
1574 2745 1628 2784 21
1661 2738 1779 2796 πρὸς
1806 2744 1813 2797 Ι
1841 2743 1918 2786 δε·

226 2795 435 2897 ἒομένως
467 2796 570 2852 (sic)
603 2810 626 2840 e
671 2798 781 2854 (non
812 2798 1198 2856 προσεχομένως).
1262 2799 1317 2843 cf.
1352 2798 1414 2843 ΕΒ
1443 2814 1488 2856 p.
1526 2803 1594 2845 10.
1776 2805 1832 2845 23
1863 2796 1916 2845 τὸ

276 2873 287 2899 =
319 2871 402 2899 τον
435 2869 472 2899 e.
