2014 3162
921 137 982 145 -—
1063 107 1317 160 348-

545 288 662 335 XVI
702 285 847 352 Περὶ
887 282 1134 353 ἆγονίας
1173 283 1270 334 καὶ
1309 280 1698 352 ἆσυλλήψεως

392 394 608 440 51-52
614 427 1925 441 ................

317 508 1924 522 οοοοοοοοοοοοοοοοοοο

234 791 253 823 5
767 773 911 821 XVII
950 771 1098 838 Περὶ
1138 772 1474 832 δυστοκίας.

391 894 474 941 53.
549 891 617 940 Οἱ
649 886 1020 956 “Ηροφίλειοι
1065 888 1148 940 καὶ
1195 885 1398 955 μάλιστα
1451 883 1791 956 Δημήτριός
1841 904 1964 954 φασι

277 972 539 1022 δυστοκίαν
589 967 715 1021 εἶναι
770 972 980 1036 δυσχερῆ
1019 967 1184 1023 τόκον.
1255 967 1378 1023 κατὰ
1431 969 1486 1020 δέ
1537 989 1673 1031 τινας
1727 971 1960 1021 δυστοκία

277 1051 404 1102 ἐστὶν
441 1047 473 1118 ἡ
514 1048 628 1118 μετὰ
669 1053 950 1118 δυσεργείας
996 1048 1281 1117 ἇποκύησις.
1363 1049 1620 1114 [ἐπιλιπεῖς
1659 1050 1714 1101 δέ
1753 1071 1835 1117 μοι
1875 1052 1961 1102 δο-

275 1137 449 1184 κοῦσιν
487 1135 538 1185 οἷ
572 1130 679 1200 ὅροι
719 1129 861 1197 εἶναι,
900 1130 1024 1183 ὅθεν
1062 1129 1209 1193 αὐτός
1241 1146 1365 1197 φησι
1396 1133 1661 1182 δυστοκίαν
1693 1128 1818 1182 εἶναι
1849 1132 1963 1183 δυσ-

210 1235 252 1266 10
275 1214 465 1280 χέρειαν
509 1218 607 1264 τῶν
651 1213 944 1279 κυουμένων
988 1211 1122 1281 παρά
1159 1233 1267 1264 τινα
1318 1213 1476 1263 αἰτίαν
1514 1212 1847 1280 γιγνομένην.]
1876 1252 1887 1264 .
1914 1253 1925 1264 .
1950 1253 1961 1264 .

276 1292 303 1346 ὁ
343 1293 678 1362 Καρύστιος
709 1299 960 1361 Διοκλῆς
995 1295 1056 1346 ἐν
1085 1298 1160 1365 τῷ
1187 1293 1439 1365 δευτέρῳ
1462 1297 1576 1344 τῶν
1597 1296 1965 1362 γυναικείων

274 1375 399 1443 λέγει
431 1378 685 1428 δυστοκεῖν
721 1373 807 1437 τὰς
845 1373 1184 1444 πρωτοτόκους
1221 1375 1304 1426 καὶ
1341 1374 1481 1438 νέας,
1533 1371 1748 1426 εὐτοκεῖν
1787 1373 1842 1426 δὲ
1879 1372 1965 1438 τὰς

274 1454 505 1518 πολλάκις
549 1459 809 1519 τετοκυίας.
913 1459 1070 1509 αἴτιον
1117 1457 1172 1508 δέ
1217 1473 1372 1523 φησιν
1434 1452 1560 1507 εἶναι
1607 1458 1866 1519 δυστοκίας
1909 1454 1964 1509 τὸ

276 1535 342 1604 μὴ
381 1535 486 1588 κατ’
531 1534 658 1589 εὐθὺ
691 1534 818 1589 εἶναι
847 1536 900 1590 τὸ
933 1536 1130 1605 στόμιον
1160 1542 1245 1605 τῆς
1268 1534 1523 1605 ὑστέραςῆ
1549 1534 1962 1605 ἆποσκληρυνθὲν

210 1638 251 1671 15
277 1618 541 1686 μεμυκέναι
570 1619 654 1670 καὶ
686 1617 750 1685 μὴ
785 1622 966 1690 ῥαδίως
997 1621 1157 1671 εἴκειν.
1212 1619 1336 1685 φησὶ
1369 1618 1422 1669 δὲ
1452 1618 1532 1669 καὶ
1563 1616 1622 1670 τὰ
1655 1617 1838 1687 μεγάλα
1866 1623 1966 1671 τῶν

275 1698 503 1767 ἐμβρύων
557 1702 684 1751 αἴτια
731 1697 871 1753 εἶναι.
947 1701 1003 1752 ἐν
1049 1700 1212 1767 μέντοι
1249 1705 1314 1771 τῷ
1367 1702 1535 1770 τρίτῳ
1589 1704 1703 1751 τῶν
1754 1721 1964 1768 γυναι-

273 1783 449 1832 κείων
509 1780 632 1849 λέγει
694 1783 822 1832 αἴτια
869 1778 996 1834 εἶναι
1040 1779 1098 1832 τὰ
1147 1779 1340 1847 ἄτροφα
1384 1785 1482 1832 τῶν
1527 1784 1730 1848 βρεφῶν
1773 1783 1856 1833 καὶ
1904 1775 1964 1834 τὰ

273 1858 557 1927 τεθνηκότα.
636 1863 761 1928 φησὶ
808 1862 862 1914 δὲ
902 1865 1155 1915 δυστοκεῖν
1192 1859 1277 1923 τὰς
1315 1859 1600 1930 καθύγρους
1638 1863 1721 1914 καὶ
1758 1861 1964 1930 θερμάς,

274 1939 539 2010 ἁμαρτάνει
592 1941 646 1994 δὲ
696 1940 762 2009 μὴ
810 1941 963 1995 ἐπιὼν
1008 1941 1094 2006 τὰς
1140 1946 1294 2006 αἰτίας
1342 1940 1408 2014 δι’
1461 1939 1520 2005 ἃς
1567 1940 1658 1995 οὐκ
1697 1941 1962 1997 εὖτοκοῢσι.

211 2045 255 2077 20
279 2028 384 2085 πῶς
421 2020 515 2091 γὰρ
555 2019 647 2075 οὐκ
685 2023 782 2075 ἔστι
819 2028 1010 2091 γελοῖον
1041 2024 1197 2092 λέγειν
1230 2026 1484 2076 δυστοκεῖν
1508 2025 1561 2076 ἐν
1583 2030 1640 2094 τῇ
1663 2023 1965 2093 κυοφορήσει

275 2100 453 2170 μητρὸς
491 2101 581 2169 τὴν
620 2101 885 2171 σύγκρισιν.

397 2290 420 2328 1
468 2285 557 2329 hoc
598 2299 700 2341 cap.
731 2285 879 2329 latine
910 2286 1096 2330 tantum
1129 2287 1269 2332 extat.
1331 2284 1497 2330 titulus
1528 2286 1577 2330 in
1607 2285 1762 2330 indice
1792 2299 1816 2330 c
1846 2285 1963 2343 legi-

273 2360 351 2401 tur
382 2357 465 2401 sub
498 2360 592 2415 ρνζ.
723 2363 748 2402 5
781 2357 890 2414 περὶ
921 2358 1219 2415 δυστοκειῶν,
1250 2360 1302 2402 τί
1329 2355 1454 2403 ἔστιν
1486 2360 1735 2403 δυστοκεία
1766 2357 1903 2404 inser.
1937 2372 1961 2403 c

276 2431 397 2488 (μζ)
543 2437 626 2477 6-
633 2437 687 2476 10
720 2432 781 2488 (p.
816 2436 1088 2488 99,13-17
1121 2431 1182 2503 D)
1217 2431 1305 2477 del.
1338 2432 1390 2476 Ε.
1528 2438 1554 2476 9
1587 2428 1733 2483 αὐτὸς
1765 2434 1846 2489 (se.
1879 2431 1963 2477 So-

272 2503 411 2534 ranus
444 2504 473 2534 a
505 2504 529 2534 c
561 2491 836 2547 excerptus).
961 2496 1017 2535 10
1047 2490 1256 2562 παραΙτι
1283 2489 1441 2536 αἰτίαν
1473 2505 1497 2535 c
1530 2492 1663 2547 (corr.
1682 2491 1754 2546 D).
1881 2492 1964 2543 Τίς

275 2546 422 2592 αἰτίαι
455 2548 557 2622 (sjc)
589 2551 888 2606 δυστοκείας,
927 2549 1008 2593 καὶ
1039 2566 1162 2594 κατα
1194 2545 1371 2601 πόσους
1409 2547 1611 2607 τρόπους
1642 2550 1822 2605 γίνεται
1852 2552 1961 2594 δυσ·

274 2608 436 2650 τοκειά
486 2603 564 2651 ἐπὶ
613 2608 705 2651 τῶν
738 2606 1013 2684 παραφύσιν
1045 2607 1353 2665 γεννωμένων
1384 2609 1519 2653 inser.
1554 2622 1579 2653 c
1611 2610 1723 2666 (μη).
1907 2612 1960 2653 13

275 2681 423 2711 τετοκ.
457 2667 583 2722 φησί.
632 2668 785 2710 αἴτιον
818 2665 871 2711 δε
907 2665 1032 2711 εἶναι
1065 2669 1191 2711 δυστ.
1226 2682 1250 2711 0
1281 2669 1415 2739 (corr.
1449 2668 1517 2725 E).
1702 2673 1756 2712 16
1790 2669 1855 2724 (eb
1887 2668 1960 2738 17)

275 2723 434 2769 αἰτίαν
467 2738 492 2768 c
524 2726 656 2781 (corr.
690 2724 762 2781 E).
939 2731 992 2770 17
1026 2723 1211 2782 ἄτροφα
1242 2726 1301 2770 E:
1335 2723 1547 2784 εὔτροφα
1580 2741 1616 2773 c.
1786 2732 1839 2771 19
1873 2742 1991 2776 ουκ,

277 2797 364 2828 om.
401 2797 424 2828 c
458 2784 754 2839 (δυστοκοῦσι
786 2783 857 2840 Ε).
1011 2789 1067 2828 20
1100 2783 1210 2841 γάρε
1259 2783 1311 2829 δε
1345 2786 1397 2831 Ε.
1549 2791 1602 2830 21
1652 2783 1842 2843 μητρόςτ
1875 2780 1974 2843 wi«

273 2859 385 2900 τρας
417 2857 453 2888 e.
