2014 3162
868 156 1124 209 -368
1207 187 1270 196 —-

234 291 415 358 ῥᾳδίως
458 286 556 341 ἀπὸ
610 294 695 356 τῆς
745 287 964 342 συνόδου
1003 287 1179 343 λύεται.
1261 290 1548 342 συντιθέναι
1589 291 1642 343 δὲ
1680 290 1738 343 τὰ
1777 313 1916 359 κομι-

233 369 413 421 σθέντα
450 371 533 421 καὶ
571 370 849 438 ἐπιβλέπειν
888 369 956 438 μη’
992 392 1036 422 τι
1073 370 1457 438 παραλέλειπται.

343 450 574 514 πολλάκις
621 452 675 504 δὲ
722 450 803 504 διὰ
849 451 939 519 τὴν
987 453 1066 504 ἐπὶ
1111 450 1269 514 πόδας
1332 451 1535 521 ἄπειρον
1597 451 1748 522 ὁλκὴν
1794 452 1918 508 ἄπο-

232 538 411 584 σπᾶται
449 531 502 586 τὸ
541 532 779 600 κεφάλιον
816 535 899 585 καὶ
939 532 1218 601 δυ’σληπτόν
1257 535 1352 585 ε’στι
1385 532 1467 586 διὰ
1489 532 1580 602 τὴν
1603 536 1916 603 περιφέρειαν

187 634 207 668 5
231 616 314 666 καὶ
366 612 418 667 τὸ
464 615 871 683 προσανατρέχειν
923 613 1045 666 κατὰ
1090 613 1180 683 τὴν
1228 613 1531 684 εὐρυχωρίαν
1583 621 1669 684 τῆς
1718 615 1915 685 μήτρας.

230 692 373 748 ὁπότε
419 694 768 763 Σώστρατος
813 696 902 763 μὲν
949 693 1015 758 ὥς
1062 697 1142 748 ἐπὶ
1187 702 1285 749 τῶν
1334 700 1492 749 λίθων
1530 701 1598 760 εἰς
1635 695 1726 765 τὴν
1765 698 1915 766 ἕδραν

229 777 406 838 καθεὶς
457 774 543 829 τὸν
594 783 680 844 τῆς
734 775 995 845 εὐωνύμου
1050 776 1208 846 χειρὸς
1261 777 1518 845 δάκτυλον,
1571 784 1628 848 τῇ
1682 783 1815 851 δεξιᾷ
1862 780 1916 832 δὲ

228 858 407 919 πιέζων
452 864 674 926 πειρᾶται
710 857 764 912 τὸ
803 858 1039 925 κεφάλιον
1078 858 1322 928 κατάγειν,
1362 858 1451 928 οὐχ
1490 858 1620 928 ὁρῶν
1660 858 1726 923 ὦς
1764 862 1819 913 εἶν
1849 867 1915 933 τῷ

228 936 590 1011 ἆπευθυσμένῳ
631 938 657 993 ὁ
698 939 935 1003 δάκτυλος
966 938 1027 993 οὔ
1063 940 1269 993 δύναται
1292 947 1377 1008 τῆς
1398 948 1616 1009 κεφαλῆς
1640 943 1915 1008 ἐφικέσθαι.

163 1041 205 1072 1ο
227 1022 596 1090 προχειροτέρας
627 1020 721 1091 γὰρ
749 1021 902 1090 οὔσης
923 1028 1009 1089 τῆς
1031 1021 1243 1085 κύστεως
1265 1021 1391 1075 πολὺ
1414 1022 1914 1092 προσανακεχώρηκεν

226 1099 258 1169 ἡ
299 1099 490 1170 ὑστέρα,
529 1102 756 1170 καθάπερ
795 1105 1073 1172 ἔμπροσθεν
1111 1101 1445 1171 ὑπεδείξαμεν.
1500 1103 1669 1173 διόπερ
1699 1106 1914 1157 καθέντα

225 1181 316 1251 τὴν
368 1191 504 1252 χεῖρα
556 1187 639 1237 καὶ
691 1184 957 1252 ψἀύσαντα
1010 1190 1096 1238 τοῦ
1143 1188 1384 1251 κεφαλίου
1430 1185 1748 1254 προβιβάζειν
1794 1184 1911 1239 αὐτὸ

225 1264 330 1317 κατ’
390 1265 707 1334 ε’πικυλισμὸν
754 1265 864 1335 ἄχρι
902 1271 989 1319 τοῦ
1026 1264 1268 1334 τραχήλου
1306 1271 1391 1334 τῆς
1429 1264 1652 1334 ὑστέρας,
1703 1265 1803 1325 εἶτα
1842 1267 1907 1320 δι’

225 1345 563 1414 ε’μβρυούλκου
619 1347 967 1415 καταπάρσεως
1019 1351 1319 1414 κομίζεσθαι.
1404 1347 1671 1416 μεμυκότος
1726 1349 1782 1400 δὲ
1825 1356 1912 1402 τοῦ

159 1446 201 1479 15
225 1431 423 1494 στομίου
475 1427 626 1480 ταύτὰ
673 1435 833 1481 ποιεῖν
881 1428 1005 1497 ἅπερ
1053 1430 1132 1481 ἐπὶ
1178 1435 1264 1482 τοῦ
1303 1433 1471 1498 χορίου
1512 1429 1763 1482 διδάσκειν
1801 1431 1911 1499 μέλ-

223 1515 383 1576 λομεν.

337 1595 420 1643 65.
489 1589 603 1658 μετὰ
652 1591 706 1643 δὲ
750 1589 840 1659 τὴν
886 1594 1247 1660 ἕμβρυουλκίαν
1285 1593 1366 1644 καὶ
1407 1594 1789 1662 ε’μβρυοτομίαν,
1844 1593 1909 1658 ὡς

221 1669 319 1739 1ἤδη
373 1676 755 1741 φλεγμαίνοντος
793 1679 879 1725 τοῦ
918 1672 1072 1726 τόπου
1114 1671 1195 1726 διὰ
1234 1671 1320 1726 τὸν
1359 1673 1731 1744 ἐπιγιγνόμενον
1769 1684 1910 1729 σκυλ-

222 1751 344 1820 μόνρ
366 1752 448 1805 διὰ
479 1760 576 1806 τῶν
606 1756 858 1823 ε’μβροχῶν
889 1752 1081 1807 ἀνιέναι
1111 1756 1195 1807 καὶ
1233 1762 1547 1824 παρηγορεῖν.
1590 1759 1909 1826 αἰμορραγίας

157 1852 199 1884 20
223 1834 277 1886 δὲ
314 1835 582 1902 γενομένης
618 1842 718 1898 τοῖς
756 1834 879 1903 πρὸς
918 1834 1075 1903 αὐτὴν
1112 1842 1327 1904 χρῆσθαι
1364 1836 1693 1905 καταλλήλοις.
1761 1837 1813 1891 τὸ
1855 1840 1908 1891 δὲ

221 1913 463 1968 ὥκυτόκια
501 1915 953 1986 προσαναγράφειν,
1005 1915 1070 1980 ὡς
1108 1916 1245 1970 ἄλλοι
1283 1920 1363 1970 καὶ
1403 1922 1461 1972 οἱ
1493 1921 1625 1986 περὶ
1662 1917 1762 1973 τὸν
1792 1918 1908 1973 Ἱπ-

218 1995 521 2064 ποκράτην
559 1999 814 2065 ἐποίησαν,
853 1997 1190 2067 σχεδιάζοντός
1227 2002 1370 2052 ἐστιν.
1433 2000 1541 2054 οὔτε
1579 1999 1672 2071 γὰρ
1709 2001 1908 2071 δάφνης

219 2076 382 2144 φύλλα
429 2077 550 2146 ξηρὰ
598 2078 713 2146 μετὰ
759 2086 950 2149 θερμοῦ
997 2080 1175 2144 ’ὕδατος
1221 2080 1330 2134 οὔτε
1381 2084 1646 2150 δίκταμνον
1683 2080 1716 2151 ἢ
1755 2081 1906 2153 ἀβρό-

217 2181 364 2212 τονον
416 2161 500 2212 καὶ
551 2164 721 2229 κεδρία
773 2163 855 2213 καὶ
908 2160 1083 2215 ἄνισον
1137 2161 1252 2230 μετὰ
1306 2165 1507 2232 γλυκέος
1559 2165 1641 2215 καὶ
1694 2171 1904 2218 παλαιοῦ

153 2255 196 2289 25
219 2242 384 2294 ἐλαίου
425 2241 534 2295 οὕτε
571 2241 759 2311 καρπὸς
797 2241 971 2312 ἆγρίου
1011 2242 1185 2297 σικύου
1220 2250 1415 2315 κηρωτῇ
1444 2245 1905 2314 προσπλασσόμενος

218 2326 471 2392 φοινικίνῃ
509 2325 591 2375 καὶ
626 2322 780 2390 ὂσφύι
808 2324 1190 2392 περιαπτόμενος
1233 2324 1507 2379 ὥκυτοκίαν
1536 2326 1904 2395 παρασκευάζει.

335 2428 361 2467 2
393 2440 438 2466 τι
469 2436 558 2470 om.
593 2437 616 2467 c
649 2425 773 2481 (add.
805 2425 875 2481 E).
999 2430 1024 2469 5
1058 2423 1201 2470 κατάε
1233 2426 1315 2471 καὶ
1348 2441 1372 2471 c
1406 2429 1537 2483 (corr.
1562 2426 1634 2483 E).
1758 2433 1782 2471 7
1817 2444 1902 2472 κα-

215 2482 324 2532 θεὶς
354 2479 436 2526 τὸν
467 2482 526 2526 Ε·
559 2484 802 2527 καθιστῶν
835 2499 872 2529 c.
1006 2489 1033 2528 8
1064 2482 1244 2538 πιάζων
1277 2500 1301 2530 c
1333 2488 1466 2542 (corr.
1498 2487 1568 2543 Ε).
1691 2492 1717 2531 9
1751 2483 1774 2531 ὃ
1810 2500 1900 2533 om.

217 2555 255 2584 c.
409 2546 465 2584 10
510 2540 850 2600 προχειρότερα
882 2557 907 2587 c
939 2545 1072 2601 (corr.
1106 2543 1179 2599 D).
1333 2550 1388 2588 14
1435 2540 1698 2602 μεμυκότος
1723 2571 1778 2577 —-
1806 2548 1900 2604 (17)

215 2598 441 2657 μέλλομεν
474 2600 563 2644 del.
596 2601 647 2646 E.
804 2607 857 2646 15
879 2604 1050 2674 χορίου
1082 2603 1141 2647 Ε.
1183 2603 1353 2660 φορίου
1385 2618 1423 2648 ο.
1577 2610 1631 2649 17
1665 2603 1718 2649 δὲ
1752 2618 1840 2649 om.
1875 2619 1900 2648 c

218 2659 339 2714 (add.
371 2659 443 2716 E).
626 2665 680 2704 18
713 2659 927 2731 σκυαμόν
958 2675 982 2706 c
1013 2664 1147 2718 (corr.
1180 2661 1256 2718 D).
1437 2668 1491 2706 21
1525 2659 1843 2708 ουκυτοκυῑαν
1875 2679 1900 2709 c

215 2719 348 2773 (corr.
381 2717 455 2774 D)
577 2713 815 2763 ωκυτόκια
844 2720 985 2777 Hipp.
1019 2722 1300 2777 γυναικείων
1333 2727 1363 2764 ἆ
1397 2722 1471 2778 (II,
1499 2726 1584 2766 718
1616 2722 1763 2794 Lips.)
1795 2737 1900 2768 con—

214 2776 306 2821 fert
335 2777 584 2822 Ermerins.
715 2783 772 2822 24
803 2781 1016 2836 κεδρίδες
1048 2779 1085 2855 Ε
1119 2780 1193 2851 (ex
1222 2779 1397 2850 Hipp..)
1522 2786 1577 2825 25
1611 2797 1742 2827 οντες
1774 2797 1823 2826 τε
1859 2796 1895 2826 c.

273 2838 457 2892 κηρωτῆ
489 2841 680 2910 προσπλ.
714 2840 960 2909 φοινικίνω
994 2838 1075 2882 καὶ
1108 2835 1255 2893 ὀσφύι
1286 2836 1662 2897 περιάπτόμενος
1693 2854 1718 2884 0
1750 2842 1896 2899 (κηρῷ

216 2889 347 2950 έμπλ.
380 2895 461 2939 καὶ
495 2891 602 2956 ἐρίῳ
635 2897 884 2956 φοινικίνῳ
918 2893 1023 2954 ὀσφ.
1056 2914 1102 2943 π.
1134 2896 1208 2954 Ε).
