2014 3162
889 167 950 174 »-
1032 135 1288 189 258—

242 271 377 339 μέχρι
432 268 523 324 δύο
576 270 697 323 κατὰ
743 270 796 323 τὸ
842 277 1066 323 πλεῖστον
1112 266 1322 337 ἡμερῶν.
1401 270 1483 321 καὶ
1527 268 1621 338 γὰρ
1667 267 1929 338 βράσσεται

235 350 548 420 πανταχόθεν
586 350 749 419 ἀκμὴν
787 351 868 402 καὶ
907 355 1088 416 πολλῆς
1131 351 1198 402 ἔτι
1235 346 1356 401 καθ’
1408 348 1524 403 ὅλον
1560 348 1614 403 τὸ
1653 356 1792 418 σῶμα
1830 372 1919 418 μη-

234 431 389 504 τρῴας
433 438 621 501 τροφῆς
668 434 765 484 ἐστι
810 437 1012 499 πλῆρες,
1073 427 1136 498 ἣν
1182 427 1367 496 ὀφείλει
1420 433 1667 499 διοικῆσαι
1711 437 1922 500 πρῶτον,

233 516 316 566 ἵνα
353 512 475 566 κατὰ
513 512 686 582 καιρὸν
721 511 927 581 εὐχερῶς
964 510 1117 579 ἄλλην
1146 509 1293 580 λάβῃ,
1331 513 1477 581 χωρὶς
1507 515 1550 564 εἰ
1588 510 1654 579 μὴ
1686 511 1926 580 πρότερον

188 615 209 647 5
234 596 514 658 ἐπιδείξειεν
550 592 583 662 ἡ
616 593 788 662 ὄρεξις,
827 592 946 661 ὅπερ
975 595 1071 645 τίνι
1092 590 1255 664 τρόπῳ
1281 593 1574 660 σημειωτέον
1597 590 1924 661 ὑποδείξομεν

233 674 447 743 ὕστερον.
535 673 650 742 μετὰ
706 675 761 726 δὲ
813 672 866 726 τὸ
922 677 1176 740 διαστῆσαι
1222 674 1392 727 δοτέον
1440 674 1669 742 ἐκλείχειν
1713 672 1924 741 τροφήν,

234 755 390 823 μὴτὸ
436 755 697 825 βούτυρον.
775 754 903 823 βαρὺ
953 753 1047 823 γάρ
1086 756 1184 807 ἐστι
1221 756 1303 807 καὶ
1341 754 1707 824 κακοστόμαχον
1744 753 1918 808 ἀδικεῖ.

231 836 333 890 ἀλλ’
385 835 501 891 οὐδὲ
547 835 825 906 ἆβρότονον
871 834 988 903 μετὰ
1040 834 1302 905 βουτύρου.
1379 835 1670 904 δριμύτερον
1707 836 1800 907 γὰρ
1838 838 1923 889 καὶ

230 924 374 971 τοῦτο
412 920 495 971 καὶ
532 916 832 987 ταρακτικόν.
889 914 991 969 ἀλλ’
1023 915 1141 969 οὐδὲ
1179 915 1436 984 κάρδαμον
1471 915 1589 971 οὐδὲ
1621 916 1804 985 μακτὸν
1833 916 1921 970 ἅλ-

169 1020 211 1052 10
237 1021 395 1065 φιτον.
470 998 523 1052 τὸ
584 998 842 1067 κάρδαμον
888 998 977 1065 μὲν
1020 996 1114 1067 γάρ
1161 999 1257 1050 ἐστι
1305 998 1452 1066 δριμὺ
1499 1000 1584 1051 καὶ
1620 998 1673 1052 τὸ
1713 999 1923 1065 ἄλφιτον

230 1086 472 1148 τραχῦνον
503 1077 787 1149 φλεγμονὴν
818 1078 1080 1148 ἐργάζεται,
1119 1077 1315 1142 πάντως
1347 1078 1393 1132 δ’
1430 1081 1666 1143 ἐπιξαίνει
1687 1086 1745 1153 τῇ
1769 1101 1914 1133 κατα·
1984 1132 1992 1137 ,

230 1157 384 1215 πόσει.
462 1162 565 1228 μέλι
614 1161 667 1213 δὲ
715 1161 994 1227 συμμέτρως
1041 1159 1218 1226 ἑφθόν.
1295 1158 1347 1213 τὸ
1393 1159 1487 1229 γὰρ
1535 1159 1670 1228 ὠμὸν
1708 1162 1918 1228 ἐμπνευ-

232 1248 380 1309 ματοΐ
401 1243 484 1294 καὶ
524 1240 672 1309 δριμὺ
710 1239 970 1310 τυγχάνον,
1021 1246 1204 1308 μᾶλλον
1249 1240 1303 1292 δὲ
1342 1240 1512 1308 στύφει
1558 1241 1610 1295 τὸ
1654 1239 1917 1311 ὖπερηψη-

232 1323 396 1388 με’νον,
441 1320 495 1374 τὸ
536 1320 582 1374 δ’
633 1320 872 1390 εὖμέτρως
909 1320 1147 1388 ἄπεφθον
1183 1320 1284 1390 ἤδη
1323 1320 1652 1391 ἀνακαθαίρει
1688 1321 1775 1377 τὸν
1813 1323 1916 1376 στό-

165 1424 207 1457 15
233 1425 387 1471 μαχον
423 1404 507 1455 καὶ
544 1401 633 1470 τὴν
674 1406 881 1456 κοιλίαν.
973 1405 1055 1455 δεῖ
1086 1403 1141 1455 δὲ
1177 1408 1244 1476 τῷ
1283 1400 1505 1475 δακτύλῳ
1543 1403 1597 1457 τὸ
1637 1403 1789 1472 στόμα
1833 1410 1924 1458 τοῦ

230 1486 448 1552 βρέφους
492 1482 651 1552 ἠρέμα
701 1487 960 1552 διαχρίειν,
1006 1481 1106 1536 εἶτα
1144 1483 1343 1553 χλιαρὸν
1381 1482 1612 1552 ὑδρόμελι
1649 1483 1917 1554 παρενστά-

231 1569 342 1626 ζειν.
413 1563 496 1616 διὰ
550 1563 723 1618 τούτου
776 1563 870 1634 γὰρ
922 1564 974 1618 τὸ
1023 1566 1111 1632 μὲν
1162 1564 1316 1635 ἆργὸν
1361 1567 1445 1618 καὶ
1489 1564 1621 1635 παχὺ
1667 1572 1752 1635 τῆς
1799 1566 1923 1634 ὕλης

230 1652 594 1712 λεπτοποιεῖται,
641 1649 924 1699 διατείνεται
971 1647 1025 1699 δὲ
1062 1645 1095 1715 ἡ
1136 1646 1291 1714 ὄρεξις
1330 1650 1397 1710 εἰς
1435 1645 1745 1715 ὑπόμνησιν,
1785 1651 1918 1701 διαν-

231 1730 410 1824 οίγεται
457 1727 510 1779 δὲ
559 1725 591 1793 ἡ
638 1726 925 1793 κατάποσις,
994 1725 1165 1780 εὖοδία
1215 1728 1268 1780 δὲ
1307 1730 1389 1780 καὶ
1427 1727 1766 1796 ἆνακαθάρσει
1819 1735 1919 1782 τῶν

165 1830 207 1861 20
230 1807 399 1877 πόρων
437 1806 468 1876 ἡ
509 1806 745 1871 ανάδοσις
783 1808 1074 1876 ἕτοιμάζεται
1111 1811 1194 1861 καὶ
1232 1810 1453 1876 τρέφεται
1490 1807 1521 1876 ἡ
1566 1808 1829 1880 σύγκρισις.

347 1895 430 1942 87.
499 1895 556 1959 τῇ
604 1890 658 1942 δὲ
702 1887 929 1990 υστεραία
973 1895 1071 1943 τῶν
1116 1888 1311 1958 ἡμερῶν
1361 1888 1476 1957 μετὰ
1514 1889 1604 1958 τὴν
1642 1892 1916 1958 ἐπιμέλειαι

229 1970 426 2039 γάλακτι
464 1969 643 2023 λοιπὸν
681 1971 875 2038 τρέφειν
914 1973 966 2023 ἐκ
1003 1993 1134 2034 τινος
1171 1977 1270 2024 τῶν
1307 1970 1547 2024 τιτθεύειν
1576 1978 1735 2034 καλῶς
1767 1974 1917 2024 δυνα-

231 2053 406 2118 μένων.
482 2049 534 2104 τὸ
580 2049 672 2119 γὰρ
721 2057 946 2124 μητρῷον
992 2053 1083 2115 ε’ως
1120 2050 1316 2120 ἡμερῶν
1354 2055 1536 2105 εἴκοσιν
1574 2054 1654 2105 ἐπὶ
1690 2050 1743 2106 τὸ
1782 2059 1914 2106 πλεῖ-

230 2150 343 2185 στον
383 2129 579 2198 φαῦλόν
627 2134 754 2184 ε’στιν
802 2130 867 2195 ὡς
905 2131 968 2185 ἂν
1005 2132 1136 2201 παχὺ
1178 2135 1260 2186 καὶ
1297 2136 1510 2201 τυρῶδες
1547 2132 1675 2202 ἄγαν
1711 2135 1795 2186 καὶ
1834 2133 1917 2187 διὰ

351 2290 374 2327 1
407 2284 437 2329 i.
471 2299 508 2329 e.
541 2285 692 2341 prima
723 2284 797 2329 die
830 2287 955 2341 (post
984 2290 1080 2332 octo
1111 2286 1178 2331 vel
1209 2287 1355 2331 decem
1383 2287 1519 2331 horas
1550 2286 1648 2342 lat„
1692 2286 1773 2330 sed
1811 2291 1916 2342 post

228 2343 364 2387 horas
405 2348 492 2388 tres
534 2344 602 2388 vel
644 2347 859 2415 quattuor
908 2358 995 2389 sec.
1037 2345 1118 2389 alt.
1157 2358 1248 2389 rec.
1291 2345 1389 2390 cod.
1434 2345 1570 2391 Laur.
1607 2345 1638 2388 f.
1676 2342 1784 2389 156b
1816 2344 1910 2401 in..)

232 2401 429 2456 cf.1,87
462 2402 524 2446 in.
625 2407 652 2446 4
687 2398 910 2460 εὐχερῶς.
945 2399 1231 2461 ευκαίρωςο
1353 2408 1379 2448 5
1413 2400 1690 2458 ἐπιλείξειεν
1722 2418 1746 2447 o
1778 2406 1911 2460 (corr.

228 2460 301 2515 D).
428 2467 452 2505 7
485 2458 724 2518 φούτυρον
757 2476 781 2506 c
814 2464 948 2519 (corr.
981 2462 1056 2518 D).
1178 2459 1364 2507 οεδικεῐν
1391 2462 1481 2533 (sic
1513 2466 1556 2518 c)
1589 2477 1677 2509 om.
1711 2463 1763 2509 E.
1886 2467 1913 2507 8

227 2516 458 2592 βούτυρον
490 2521 589 2577 (sic)
623 2535 647 2566 c
680 2523 811 2578 (corr.
844 2522 904 2578 d).
1035 2526 1061 2566 9
1092 2519 1438 2595 καταρακτικὸν
1471 2535 1496 2564 c
1528 2524 1660 2578 (corr.
1691 2522 1765 2578 D).
1859 2528 1911 2566 11

230 2574 420 2634 ἐπιξὲνη
452 2592 476 2622 c
509 2580 639 2635 (corr.
672 2578 745 2649 D).
888 2581 944 2636 τῆ
977 2577 1239 2625 καταπόσιν
1242 2580 1348 2651 (sic
1370 2581 1485 2637 aco.)
1510 2593 1546 2624 c.
1689 2586 1742 2625 12
1768 2577 1912 2652 ε’μπν.

227 2635 308 2680 καὶ
356 2633 493 2694 δριμὺ
543 2634 786 2696 τυγχάνει,
833 2639 1004 2711 μᾶλλον
1043 2637 1098 2684 δὲ
1139 2636 1191 2683 τὸ
1230 2635 1593 2696 υπερεψημὲνον
1634 2636 1855 2709 τυγχάνει
1888 2651 1914 2683 c

228 2697 516 2766 (combrinqit
546 2697 660 2754 lat).
795 2702 849 2741 14
881 2694 994 2754 ἤὸηε
1036 2693 1064 2754 ἢ
1100 2711 1124 2741 c
1157 2700 1263 2753 (om
1297 2698 1367 2755 Ε).
1494 2704 1547 2743 16
1580 2695 1909 2756 παραστάζειν

228 2751 309 2799 δια
332 2755 471 2799 τοῦτο
496 2769 520 2800 c
544 2757 676 2813 (corr.
697 2756 764 2812 E).
859 2761 912 2800 19
947 2753 1138 2801 εὖοδεία
1170 2755 1223 2801 δε
1256 2757 1337 2801 καὶ
1367 2753 1699 2814 ανακάθαρσις
1731 2771 1755 2802 c
1781 2759 1912 2814 (corr.
1954 2778 1958 2780 ·

227 2812 297 2870 Ε).
443 2819 500 2859 20
530 2815 611 2859 καὶ
644 2829 731 2860 om.
768 2829 805 2860 c.
943 2819 997 2859 23
1032 2817 1178 2860 εἴκοσι
1211 2830 1254 2860 0:
1287 2817 1427 2872 τριῶν
1461 2817 1495 2860 Ε
1530 2816 1576 2871 (i.
1601 2831 1639 2861 e.
1671 2829 1817 2872 usque
1849 2815 1909 2860 ad

230 2875 444 2929 quartam
469 2872 592 2919 diem
611 2873 919 2931 sec.Aet.4‚3‚
946 2874 1002 2920 cf.
1028 2889 1134 2919 mox
1156 2890 1201 2932 p.
1221 2879 1321 2933 259,
1342 2880 1409 2920 16.
1444 2875 1523 2920 sed
1550 2874 1605 2919 of.
1635 2875 1755 2920 infra
1778 2874 1907 2931 I,89).
