2014 3162
762 90 1164 142 -263—

114 223 171 278 τὸ
219 223 342 294 γάλα
388 223 691 291 προιεμένας.
767 220 1052 292 στενόποροι
1098 223 1186 290 μὲν
1233 223 1325 292 γὰρ
1364 223 1423 278 οὗ
1462 229 1643 297 ῥᾳδίως
1679 226 1800 281 ἄνευ

117 311 205 359 τοῦ
248 307 515 372 θλίβεσθαι
559 303 611 358 τὸ
658 302 783 374 γάλα
827 309 1058 371 προιᾶσιν
1105 302 1224 358 ὥστε
1260 313 1568 359 κακοπαθεῖν
1605 308 1660 360 ἐν
1697 314 1802 371 ταῖς

120 384 404 454 ἐκμυζήσεσι
425 384 483 446 τὰ
514 386 692 454 βρέφη,
724 384 790 453 μὴ
823 386 1272 456 ἐπιχορηγουμένου
1301 385 1535 441 τοσούτου
1566 387 1801 456 γάλακτος

119 465 238 520 ὅσον
293 465 598 520 ἐσπούδακεν
651 465 1041 533 ἐπισπάσασθαι,
1095 469 1151 520 αῖ
1193 466 1246 519 δὲ
1293 466 1422 535 ὄὲγαν
1475 468 1802 537 σηραγγῶδεις

116 551 355 601 κίνδυνον
377 547 616 618 ἐπάγουσι
645 553 873 617 πνιγμοῦ.
916 546 1040 615 πρὸς
1070 546 1163 617 γὰρ
1193 545 1283 615 τὴν
1314 546 1575 615 έκμύζησιν
1605 547 1800 618 ἀθροῦν
1825 567 1845 601 5

112 629 394 698 ἐπιφέρεται
429 635 495 702 τῷ
534 626 730 697 στόματι
765 627 819 682 τὸ
858 627 996 698 γάλα.

227 708 465 778 σώφρονα
511 711 588 776 δέ,
635 708 759 778 πρὸς
803 708 855 763 τὸ
907 713 1172 772 συνουσίας
1216 707 1485 777 ἀπέχεσθαι
1522 713 1604 762 καὶ
1643 713 1802 780 μέθης

116 792 201 844 καὶ
239 795 463 860 λαγνείας
493 792 576 843 καὶ
605 796 692 858 τῆς
723 790 871 858 ἄλλης
901 788 1090 859 ἡδονῆς
1120 792 1202 843 καὶ
1233 788 1481 859 ἀκρασίας.
1544 795 1600 844 αἱ
1626 810 1802 847 συνου-

113 875 216 924 σίαι
254 872 343 940 μὲν
381 870 475 941 γὰρ
514 869 635 939 μετὰ
672 876 759 924 τοῦ
797 870 887 938 τὴν
930 869 1054 941 πρὸς
1099 870 1151 925 τὸ
1197 869 1499 939 τρεφόμενον
1546 880 1801 942 φιλοστορ-

112 956 226 1021 γίαν
263 951 546 1020 άποψύχειν
583 958 902 1023 περισπασμῷ
939 958 1025 1020 τῆς
1064 953 1117 1005 ἐκ
1146 958 1244 1004 τῶν
1274 951 1582 1021 ἀφροδισίων
1611 952 1798 1022 ἡδονῆς
1822 973 1864 1004 10

112 1034 182 1086 ἔτι
227 1035 310 1086 καὶ
356 1036 623 1101 φθείρουσι
667 1031 720 1087 τὸ
766 1032 892 1103 γάλα
937 1035 1018 1086 καὶ
1065 1039 1286 1101 μειοῦσιν
1322 1030 1354 1100 ἢ
1394 1037 1581 1097 τελείως
1620 1033 1801 1102 ἀφανί-

115 1117 252 1176 ζουσι
275 1112 360 1177 τὰς
392 1113 476 1167 διὰ
505 1120 592 1182 τῆς
623 1114 806 1184 μήτρας
835 1116 1143 1183 ἐρεθίζουσαι
1172 1113 1439 1183 καθάρσεις
1469 1112 1502 1183 ἢ
1536 1115 1802 1184 συλλήψεις

116 1193 454 1249 ἆποτελοῦσαι.
530 1194 612 1248 διὰ
653 1197 707 1249 δὲ
744 1194 828 1259 τὰς
867 1197 1024 1264 μέθας
1062 1201 1255 1262 πρῶτον
1293 1195 1382 1263 μὲν
1418 1192 1450 1264 ἡ
1491 1203 1802 1265 γαλουχοῦσα

113 1275 371 1345 βλάπτεται
415 1279 499 1329 καὶ
543 1283 599 1348 τῇ
645 1283 784 1348 ψυχῇ
830 1278 913 1329 καὶ
958 1282 1024 1349 τῷ
1063 1275 1270 1344 σώματι,
1325 1274 1408 1328 διὰ
1446 1282 1586 1330 τοῦτο
1627 1278 1681 1330 δὲ
1718 1280 1801 1331 καὶ

114 1356 167 1411 τὸ
207 1356 332 1427 γάλα
371 1361 723 1426 διαφθείρεται.
787 1357 1014 1425 δεύτερον
1053 1357 1106 1409 δὲ
1143 1355 1286 1429 ὕπνῳ
1328 1358 1646 1430 δυσδιεγέρτῳ
1685 1382 1798 1412 κατ·
1825 1375 1867 1408 15

127 1440 335 1507 εχομένη
389 1443 663 1493 καταλείπει
706 1437 759 1492 τὸ
808 1439 991 1507 βρέφος
1038 1436 1391 1505 άνεπιμέλητον
1429 1436 1459 1506 ἢ
1509 1441 1590 1491 καὶ
1635 1443 1800 1493 κινδυ-

116 1524 290 1584 νωδῶς
334 1519 412 1574 ἐπ’
463 1519 594 1594 αὐτῷ
632 1524 928 1573 καταπίπτει.
1005 1522 1164 1587 τρίτον
1200 1516 1233 1585 ῆ
1273 1525 1359 1572 τοῦ
1395 1523 1620 1583 πλείονος
1659 1525 1799 1575 οἴνου

110 1601 312 1670 ποιότης
365 1605 750 1656 συναποδίδοται
802 1607 868 1673 τῷ
919 1600 1120 1670 γάλακτι
1174 1601 1256 1652 καὶ
1303 1599 1386 1652 διὰ
1436 1607 1577 1655 τοῦτο
1625 1601 1799 1671 νωθρὰ

114 1683 196 1735 καὶ
233 1681 458 1751 καρῶδη,
504 1683 618 1736 ποτὲ
658 1683 710 1735 δὲ
748 1684 831 1735 καὶ
870 1684 1078 1750 ἕντρομα
1115 1682 1198 1733 καὶ
1235 1679 1523 1749 ἀπόπληκτα
1562 1684 1644 1736 καὶ
1683 1700 1801 1736 σπα-

110 1762 282 1832 σμοόδη
328 1762 387 1816 τὰ
432 1763 700 1834 τρεφόμετα
737 1767 951 1834 γίγνεται
988 1763 1176 1832 βρέφη,
1220 1759 1452 1831 καθάπερ
1492 1762 1611 1827 συὸς
1647 1763 1800 1834 τρύγα
1823 1781 1866 1813 20

113 1847 566 1914 προσενεγκαμένης
610 1850 845 1914 καροῦται
891 1846 973 1897 καὶ
1020 1849 1274 1897 σκοτοῦται
1319 1842 1376 1895 τὰ
1415 1844 1799 1913 γαλουχούμενα.

223 1931 462 1994 συμπαθῆ
503 1927 556 1978 δὲ
593 1927 678 1978 καὶ
715 1924 1054 1995 φιλόστοργον,
1093 1928 1175 1977 ἴνα
1213 1926 1296 1976 καὶ
1325 1923 1383 1977 τὰ
1413 1931 1500 1992 τῆς
1532 1924 1801 1994 ὑπηρεσίας

114 2005 308 2070 ἀόκνως
351 2007 537 2076 παρέχῃ
577 2008 659 2059 καὶ
696 2005 1020 2078 ἆγογγύστως.
1098 2008 1223 2059 ἔνιαι
1267 2004 1360 2075 γὰρ
1408 2005 1562 2070 οὕτως
1604 2010 1800 2075 ἔχουσιν

119 2086 331 2151 ἆπαθῶς
361 2086 486 2156 πρὸς
514 2086 566 2141 τὸ
598 2087 997 2157 γαλουχούμενον
1030 2086 1147 2140 ὥστε
1179 2088 1303 2155 μηδὲ
1334 2089 1412 2140 ἐπὶ
1452 2087 1579 2141 πολὺ
1617 2096 1800 2142 κλαυθ-

112 2172 394 2238 μυρίζοντος
434 2167 585 2222 αὐτοῦ
623 2167 930 2237 ποιήσασθαι
968 2168 1235 2237 πρόνοιαν,
1282 2166 1402 2220 ἀλλὰ
1451 2169 1577 2236 μηδὲ
1614 2186 1798 2238 σχημα-
1822 2182 1864 2216 25

113 2253 239 2302 τίσαι
267 2248 320 2303 τὸ
352 2254 592 2317 κείμενον,
632 2252 770 2302 ἐᾶσαι
803 2248 848 2302 δ’
886 2247 967 2316 ἐφ’
1005 2247 1115 2312 ε’νὸς
1146 2245 1389 2317 σχήματος
1420 2247 1539 2302 ὥστε
1569 2249 1799 2314 πολλάκις

110 2329 196 2384 διὰ
233 2330 323 2398 τὴν
359 2338 541 2398 θλῖψιν
579 2335 1006 2399 προκακοπαθοῦν
1044 2335 1233 2399 ναρκᾶν
1271 2351 1320 2382 τε
1349 2330 1432 2382 καὶ
1462 2330 1665 2396 φαύλως
1697 2334 1800 2384 δια-

107 2415 337 2466 τίθεσθαι
373 2411 425 2466 τὸ
464 2415 721 2480 νευρῶδες.

232 2532 255 2571 1
287 2532 544 2584 γενοποροι
570 2528 672 2584 (sic)
706 2541 730 2572 ο
765 2528 898 2583 (corr.
930 2526 1001 2583 E).
1130 2531 1158 2570 4
1191 2524 1245 2570 αἴ
1272 2540 1362 2571 om.
1397 2540 1421 2570 c
1453 2526 1575 2583 (add.
1609 2525 1678 2584 Ε).

110 2590 138 2629 9
170 2581 221 2630 τὸ
256 2600 344 2631 om.
379 2599 404 2630 ο
436 2587 560 2642 (add.
592 2586 666 2642 D).
845 2590 897 2631 15
932 2586 1265 2642 διαφθείρειο
1241 2599 1278 2631 c.
1461 2584 1741 2643 δυσδιετέρω
1774 2600 1798 2630 c

116 2646 248 2700 (corr.
281 2643 359 2702 D)
502 2650 556 2690 16
588 2645 877 2696 κινδυνῶδες
909 2659 933 2690 ο
965 2645 1100 2700 (corr.
1132 2643 1223 2715 E2).
1349 2648 1402 2689 18
1435 2645 1742 2690 συναδίὸοται
1774 2659 1797 2688 ο

108 2703 352 2757 (συναναδ.
369 2703 497 2775 DE).
589 2709 646 2749 20
651 2706 890 2775 γίνονται
923 2718 958 2748 0.
1052 2709 1108 2748 23
1140 2699 1439 2761 άγογγύστως
1471 2717 1495 2747 ο
1528 2698 1798 2760 (άοργίστως

110 2760 185 2818 D).
337 2778 484 2814 ουτως
513 2763 576 2807 D.
609 2779 666 2808 ου
698 2768 802 2815 ταῖς
834 2778 872 2808 c.
1010 2768 1066 2808 26
1099 2763 1338 2819 κείμενονε
1379 2758 1542 2807 κοινὸν
1574 2776 1598 2805 e
1629 2761 1704 2818 (of.
1737 2760 1798 2804 E²

110 2834 154 2877 p.
180 2822 268 2876 40).
420 2837 534 2866 ωστε
567 2821 625 2866 E:
658 2818 722 2874 ῶς
754 2837 790 2867 ο.
924 2826 982 2867 27
1014 2822 1195 2877 ναρκᾶν
1227 2819 1276 2867 τὲ
1310 2839 1352 2866 κ.
1386 2838 1434 2877 φ.
1469 2820 1738 2877 διατίθησιν
1771 2833 1796 2863 ο
