2014 3162
1791 646 1856 679 Ex
1869 650 1950 683 cod.

1814 693 1928 726 Laur.

180 730 408 776 INCIPIT
441 731 626 775 LIBER
656 731 960 776 GENECIAE
993 731 1076 777 AD
1110 731 1358 778 SOTERIS
1393 733 1705 779 OBSETRIX.
1782 738 1896 815 21753421
1900 741 1948 822 (qu

217 834 464 880 Soranus
511 833 733 880 Soteris
789 834 937 880 dixit
976 835 1194 880 obsetrici
1237 836 1297 880 ad
1341 836 1523 893 singula
1571 838 1785 898 querenti

95 894 156 938 ab
195 894 380 950 eodem,
419 894 470 938 id
507 895 580 938 est
617 894 674 938 de
712 893 817 938 fisin
847 895 1086 950 muliebri,
1134 909 1226 951 qua
1258 909 1369 940 casu
1401 896 1511 940 edat
1539 897 1782 952 infantem,

93 953 170 998 vel
201 953 405 1009 qualiter
437 953 606 998 debeat
637 952 884 998 observare
916 953 993 998 vel
1024 954 1062 998 si
1092 952 1142 997 in
1166 955 1381 999 secundis
1397 955 1671 1011 morabitur,
1703 963 1784 1000 aut

94 1011 135 1055 si
172 1011 298 1056 intus
338 1013 401 1057 ali
405 1012 517 1069 quid
562 1011 612 1056 in
654 1014 786 1057 utero
832 1013 1130 1068 remanserit,
1177 1013 1348 1058 debeat
1395 1015 1651 1071 subveniri,
1706 1015 1827 1059 vel5

94 1070 251 1127 qualis
279 1071 436 1115 nutrix
465 1070 761 1128 adhibeatur,
791 1072 869 1116 vel
901 1071 1105 1128 qualiter
1135 1072 1289 1116 infans
1321 1074 1569 1118 nutriatur.

214 1134 270 1174 28
327 1131 548 1175 Soteris
598 1130 727 1175 dixit.
790 1131 1026 1176 Ruborem
1062 1131 1111 1175 in
1153 1130 1273 1176 facie
1319 1134 1669 1189 permanentem
1702 1135 1784 1177 aut

94 1188 289 1234 subinde
337 1204 386 1234 se
417 1189 752 1244 infundentem,
802 1190 955 1235 subito
986 1190 1199 1235 nausiam
1230 1193 1314 1235 aut
1344 1191 1585 1236 fastidium
1602 1192 1780 1247 1118888,

91 1248 204 1304 quid
236 1249 527 1293 ostenditur?

211 1307 413 1352 Soranus
444 1308 698 1365 respondit.
763 1307 956 1364 Signum
988 1309 1058 1352 est
1087 1309 1324 1353 menstrue
1351 1308 1654 1366 purgationis,
1687 1311 1781 1366 (29)
1807 1320 1849 1351 lo

89 1365 186 1410 iam
217 1367 450 1435 susceptio
483 1368 711 1424 conceptu
744 1367 867 1422 quod
898 1366 1069 1411 matrix
1098 1370 1379 1425 praeparata.
1408 1369 1512 1413 loca
1543 1369 1602 1412 ad
1633 1375 1783 1414 reten-

87 1424 217 1470 tione
249 1426 438 1470 seminis
468 1439 618 1483 nuper
647 1427 892 1482 acceptum
923 1426 998 1470 sit.

212 1489 283 1529 29.
317 1485 536 1529 Soteris
565 1485 608 1529 d.
640 1485 693 1528 In
723 1498 815 1552 quo
846 1498 968 1529 anno
999 1485 1168 1530 aetatis
1198 1484 1329 1530 utilis
1354 1486 1626 1543 conceptio?

205 1544 300 1601 (28)
327 1544 529 1588 Soranus
545 1559 580 1589 r.
597 1543 671 1588 Ab
688 1544 821 1588 annis
836 1544 1065 1589 nubendis
1090 1544 1315 1601 legitimis
1332 1545 1776 1601 quattuordecim
1797 1553 1836 1595 (f.
1848 1555 1911 1588 154
1921 1556 1957 1595 a)

209 1607 279 1646 30.
314 1602 534 1647 Soteris
567 1603 611 1648 d.
675 1602 899 1647 Salutaris
933 1604 1004 1648 est
1032 1606 1259 1660 perpetua
1288 1604 1566 1660 virginitas?
1796 1612 1956 1655 (f.15sa)

208 1661 411 1706 Soranus
442 1677 477 1706 r.
513 1661 744 1706 Salutaris
783 1661 997 1706 omnibus
1040 1663 1190 1707 modis
1223 1664 1303 1707 est.
1353 1662 1464 1707 viris
1497 1666 1546 1708 et
1575 1663 1778 1708 mulieri·
1803 1673 1846 1704 16

87 1718 172 1764 bus
204 1721 438 1765 contraria
469 1722 542 1765 est
571 1735 643 1766 res
672 1720 895 1766 venerias.

205 1783 276 1823 31.
310 1779 460 1833 Quam
491 1780 572 1824 diu
601 1779 738 1837 virgo
770 1781 1009 1825 servetur?

204 1837 327 1882 Dum
378 1838 574 1896 incipiet
625 1838 838 1896 purgari,
899 1841 1011 1884 tunc
1065 1841 1282 1884 naturam
1332 1840 1484 1896 ipsam
1537 1839 1779 1884 matricem

86 1897 303 1942 ostendit.
1799 1909 1843 1942 20

207 1961 279 2001 32.
314 1956 443 2010 Quae
473 1958 582 2001 sunt
613 1970 733 2013 quae
765 1958 860 2002 cito
892 1957 1189 2014 concipiunt?

205 2014 398 2061 Scilicet
435 2030 556 2072 quae
586 2017 847 2074 purgantur
874 2029 956 2061 suo
987 2017 1196 2073 tempore
1228 2030 1346 2073 puro
1378 2016 1652 2074 sanguinem
1682 2030 1776 2061 me-

47 2086 64 2090 ·’
83 2074 312 2132 diocrem,
373 2089 423 2120 os
473 2077 631 2120 autem
686 2075 895 2120 matricis
944 2076 1212 2132 porrectum
1261 2075 1439 2120 habent
1491 2077 1540 2121 et
1583 2076 1777 2133 longum

84 2135 140 2236 1813
176 2134 454 2190 resolutum,
504 2135 552 2178 et
589 2148 709 2191 quae
746 2134 885 2179 facile
931 2133 1059 2179 cibos
1091 2135 1305 2191 digerent
1337 2136 1385 2179 et
1414 2134 1677 2180 mortaliter
1707 2135 1777 2179 hi-

103 2192 207 2238 aris.
236 2195 244 2248 1
1772 2202 1904 2242 (11588
1917 2204 1952 2243 2)

204 2257 274 2297 33.
310 2252 437 2314 Quid
461 2254 648 2310 tempus
680 2254 752 2297 est
781 2252 897 2297 utile
929 2252 1146 2298 mulieres
1177 2252 1238 2299 ad
1269 2252 1656 2310 concipiendum?
1797 2264 1840 2297 25

205 2435 261 2474 14
300 2435 408 2487 post
447 2430 823 2487 quattuordecim
866 2433 1117 2487 sequuntwr
1148 2430 1246 2474 sine
1277 2430 1380 2473 albo
1410 2429 1546 2474 verba
1575 2429 1673 2486 pite
1703 2429 1772 2473 in-

86 2487 190 2533 fans
232 2490 404 2535 veniat.
467 2492 551 2534 aut
593 2490 675 2545 qui
716 2491 788 2534 est
829 2491 1010 2533 rectum
1054 2490 1102 2533 et
1145 2487 1368 2545 optabilis
1410 2489 1573 2545 partus
1613 2490 1773 2533 contra

85 2549 252 2592 natura
284 2550 405 2594 sunt.
442 2551 603 2594 tamen
635 2548 675 2593 si
705 2547 909 2605 duplicis
939 2548 989 2592 id
1020 2549 1092 2592 est
1123 2547 1204 2603 qui
1227 2546 1478 2592 nativitate
1503 2547 1770 2592 adveniunt.

85 2608 133 2651 et
168 2607 217 2651 hi
256 2607 339 2664 qui
376 2608 574 2665 pedibus
616 2607 856 2665 sepissime
897 2606 977 2663 qui
1016 2606 1244 2651 matribus
1284 2609 1393 2651 sunt
1436 2607 1603 2650 innexe
1650 2606 1772 2650 unde

46 2682 50 2689 =
87 2668 363 2712 cremantur.
426 2669 582 2711 utrum
614 2667 671 2711 de
702 2666 871 2711 timore
902 2666 1061 2722 aliquo
1095 2666 1156 2710 sit
1187 2665 1320 2710 dolor
1351 2670 1428 2710 etc.
1460 2679 1575 2722 quae
1605 2666 1668 2709 ad
1697 2679 1769 2721 qu.

88 2727 146 2769 59
162 2739 252 2783 sqq
279 2727 523 2782 pertinent.
586 2727 946 2783 interponuntur
977 2729 1126 2770 autem
1158 2738 1274 2782 quae
1302 2725 1377 2768 hie
1406 2725 1673 2770 exciderumt
1702 2725 1771 2766 in-

86 2786 410 2842 terroyationes
454 2787 571 2830 libro
614 2786 888 2831 collectionis
925 2785 1064 2829 huius
1100 2784 1423 2842 yynaeciorum
1465 2783 1770 2828 Pseudosora-

56 2888 60 2889 ⁷
85 2857 196 2889 neae
226 2845 342 2891 libro
371 2846 566 2891 secundo
595 2845 674 2900 fol.
709 2847 800 2890 158
818 2859 848 2890 a
870 2848 897 2889 1
923 2857 974 2902 p.
1006 2843 1118 2889 med.

180 2920 193 2934 l
1444 2914 1505 2957 9*
