2014 3162
889 135 951 142 —-
1034 104 1288 156 360-

244 238 456 305 λομένου
504 235 618 305 μετὰ
670 243 882 307 σκληρᾶς
929 234 1228 304 ἀντιβάσεως
1276 237 1533 303 γίγνεσθαι
1577 232 1667 302 τὴν
1719 235 1932 301 ἔνθεσιν,

243 324 330 372 τοῦ
377 317 595 388 έμβρύου
643 319 696 371 δὲ
751 316 1027 386 λαβόμενον
1082 315 1187 368 κατ’
1247 314 1374 368 εὐθὺ
1430 322 1517 369 τοῦ
1573 314 1805 383 στόματος
1849 320 1933 383 τῆς

243 398 446 467 ὑστέρας
491 398 729 469 παράγειν
775 397 893 451 αὐτὸ
945 403 1276 466 συνεργοῦντα
1321 402 1378 467 τῇ
1425 397 1677 463 μεταθέσει
1722 397 1805 449 καὶ
1851 395 1934 448 διὰ

243 486 328 549 τῆς
368 479 654 534 ἀκολούθου
685 482 1020 541 κατακλίσεως.
1083 479 1162 530 ἐπὶ
1200 477 1294 547 γὰρ
1332 475 1385 530 τὸ
1425 475 1756 544 ἀντικείμενον
1788 478 1934 546 μέρος

201 582 222 615 5
247 563 598 630 ἐσχηματίσθαι
645 565 726 613 δεῖ
763 558 853 626 τὴν
903 558 1215 626 κάμνουσαν,
1262 559 1342 611 ἐπὶ
1389 556 1555 621 δεξιὰν
1594 558 1683 626 μὲν
1721 561 1764 610 εἰ
1799 556 1937 626 τύχοι

244 640 461 710 πλευρὰν
500 645 567 704 εἰς
604 640 662 693 τοὶ
702 638 934 708 εὐώνυμα
971 645 1058 694 τοῦ
1098 638 1318 709 ἕμβρύου
1357 638 1809 709 παρεγκεκλικότος,
1855 639 1935 691 ἐπὶ

245 723 299 774 δὲ
336 721 426 790 τὴν
465 719 722 791 ἀριστερὰν
761 723 841 774 ἐπὶ
877 721 935 774 τὰ
975 720 1111 785 δεξιὰ
1147 727 1235 774 τοῦ
1274 720 1492 790 έμβρύου
1529 720 1620 789 τὴν
1660 718 1819 789 ὁρμὴν
1848 726 1933 772 λα-

245 802 435 872 βόντος,
481 801 660 856 ’ὑπτίαν
699 803 752 856 δὲ
790 809 1049 871 κατωφερῆ
1088 801 1179 871 τὴν
1215 803 1360 855 θέσιν
1398 804 1610 871 ἔχουσαν
1650 805 1719 864 εἰς
1756 799 1814 854 τὰ
1853 802 1935 868 ἔμ-

244 892 468 954 προσθεν
511 885 595 937 καὶ
642 882 707 947 ὦς
752 882 876 954 πρὸς
920 883 973 938 τὸ
1024 883 1332 953 ἐπιγάστριον
1371 890 1458 937 τοῦ
1496 884 1715 952 βρέφους
1753 903 1933 952 παρεγ-

180 987 223 1019 10
245 969 515 1033 κλίναντος,
554 971 719 1034 πρηνῆ
761 966 814 1018 δὲ
853 967 934 1018 ἐπὶ
971 963 1195 1035 γονάτων
1241 969 1309 1029 εἷς
1343 964 1404 1022 τὰ
1443 967 1590 1019 ἔνδον
1627 966 1711 1017 καὶ
1750 962 1816 1027 ὥς
1855 961 1932 1016 ἐπ’

246 1045 412 1114 ὀσφὺν
457 1052 545 1100 τοῦ
592 1045 811 1115 ἕμβρύου
856 1051 1279 1117 παρεγκλίναντος.
1357 1050 1401 1100 εἰ
1445 1047 1499 1099 δὲ
1537 1049 1621 1100 καὶ
1659 1044 1775 1114 μετὰ
1815 1063 1940 1112 σφη-

246 1127 442 1191 νώσεως
491 1128 692 1198 γέγονεν
741 1126 774 1195 ἡ
828 1129 1159 1198 παρέγκλισις,
1223 1126 1543 1196 ἀναβιβάζειν
1595 1126 1833 1196 πρότερον
1885 1124 1938 1178 τὸ

247 1211 463 1278 ἔμβρυον
500 1209 584 1260 καὶ
626 1211 923 1275 μετεωρίζειν
963 1208 1082 1262 ὥστε
1121 1206 1220 1262 ἀπὸ
1259 1214 1346 1261 τοῦ
1386 1211 1585 1276 στομίου
1622 1213 1708 1275 τῆς
1737 1205 1941 1276 ὑστέρας

250 1288 538 1356 ἀποστῆναι,
577 1290 661 1341 καὶ
700 1288 855 1352 οὕτως
893 1288 1215 1342 ἀπευθύνειν.

183 1391 225 1424 15
360 1374 404 1424 εἰ
442 1371 496 1422 δὲ
533 1372 615 1423 καὶ
654 1378 790 1439 χεῖρα
827 1370 1179 1439 προβέβληκεν,
1219 1367 1284 1437 μὴ
1325 1368 1630 1422 ἐπισπᾶσθαι
1665 1368 1941 1438 λαβόμενον

246 1450 412 1519 αὐτῆς.
490 1456 675 1519 μᾶλλον
720 1449 814 1520 γὰρ
854 1452 1211 1517 ἕπισφηνοῢται
1248 1452 1726 1519 προσανακλωμένης
1761 1448 1794 1518 ἢ
1835 1452 1939 1503 έπι-

245 1530 489 1599 νευούσης
537 1537 623 1599 τῆς
667 1537 885 1600 κεφαλῆς
931 1529 965 1598 ἢ
1014 1533 1259 1599 ἔξαρθρον
1303 1536 1538 1602 γίγνεται,
1593 1532 1708 1585 ποτὲ
1756 1532 1811 1584 δὲ
1858 1533 1941 1584 καὶ

246 1612 638 1682 ἀπορρήγνυται,
685 1611 807 1665 κατὰ
852 1618 940 1666 τοῦ
992 1612 1130 1679 ὤμου
1171 1613 1226 1665 δὲ
1278 1612 1392 1676 τοὺς
1446 1612 1716 1676 δακτύλους
1754 1611 1937 1680 ἄκρους

247 1696 556 1762 ἐπερείσαντα
593 1701 911 1761 προανωθεῖν
950 1691 1068 1747 αὐτὸ
1107 1691 1203 1745 κάν
1233 1699 1298 1764 τῷ
1328 1693 1460 1747 κύτει
1494 1693 1763 1764 γενόμενον
1786 1692 1939 1746 ἀπευ-

183 1795 227 1828 20
250 1774 430 1829 θύνειν
483 1774 750 1843 κάμψαντα
802 1773 888 1828 τὸν
941 1773 1141 1845 ἀγκῶνα
1192 1776 1275 1827 καὶ
1325 1774 1480 1838 οὕτως
1533 1780 1719 1847 πλευρᾷ
1755 1796 1804 1828 τε
1857 1777 1941 1827 καὶ

249 1861 387 1929 μηρῷ
437 1860 793 1925 παρατείναντα
830 1854 923 1923 τὴν
961 1862 1097 1925 χεῖρα
1134 1854 1258 1924 πρὸς
1296 1854 1348 1909 τὸ
1388 1854 1817 1924 ἀπαρεμπόδιστον
1853 1861 1940 1924 τῆς

249 1935 529 1999 ἀποτέξεως.
608 1940 652 1989 εἰ
697 1937 751 1989 δὲ
797 1934 1077 2006 ἀμφοτέρας
1114 1938 1419 2006 προβέβληκε
1456 1936 1543 2000 τὰς
1580 1944 1765 2006 χεῖρας,
1819 1935 1940 1990 κατὰ
2013 1995 2014 2009 ¹

247 2022 345 2070 τῶν
384 2020 530 2070 δυοῖν
569 2016 718 2085 ὤμων
756 2016 940 2085 ἄκρους
978 2019 1226 2085 ἐρείσαντα
1263 2010 1378 2081 τοὺς
1417 2016 1687 2080 δακτύλους
1718 2016 1942 2071 ἀνωθεῖν

249 2096 368 2151 αὐτὸ
407 2096 612 2151 κᾶπειτα
649 2096 764 2161 τοὺς
802 2101 1066 2167 βραχίονας
1105 2097 1386 2166 ἀπώσαντα,
1429 2098 1696 2167 κάμψαντα
1735 2100 1789 2153 δὲ
1826 2098 1942 2162 τοὺς

187 2199 229 2234 25
253 2177 480 2248 ἀγκῶνας
543 2181 623 2232 ἐπὶ
675 2178 894 2248 πλευρὰν
950 2181 1033 2232 καὶ
1085 2183 1440 2247 παρατείναντα
1491 2179 1576 2244 τὰς
1629 2188 1791 2249 χεῖρας
1843 2188 1944 2243 τοῖς

252 2267 451 2328 μηροῖς,
499 2266 586 2314 τοῦ
631 2264 869 2328 κεφαλίου
918 2259 1194 2329 λαβόμενον
1231 2261 1438 2323 ἐξέλκειν
1474 2259 1732 2329 ἠρεμαίως.
1809 2264 1853 2313 εἰ
1889 2261 1944 2313 δὲ

372 2372 398 2411 2
432 2365 484 2412 δε
519 2383 606 2414 om.
641 2365 855 2426 (ἔνθεσιν
886 2369 970 2413 τοῦ
1005 2364 1224 2442 ἐμβρύου.
1258 2366 1538 2438 λαβόμενον)
1572 2381 1609 2412 c
1748 2372 1774 2412 8
1809 2366 1941 2424 ἕ-χου

253 2441 340 2470 σαν
374 2425 441 2477 εἰς
471 2423 527 2470 τὰ
563 2425 753 2473 έ’..νδον
773 2428 954 2484 ,πρηνῆ
989 2426 1042 2472 δὲ
1076 2423 1154 2472 ἐπὶ
1186 2443 1226 2483 γ.
1261 2425 1328 2478 εἰς
1357 2425 1415 2471 τὰ
1450 2426 1770 2484 ἔμπροσθεν..
1790 2442 1938 2484 ,παρ-

254 2486 553 2540 εγκλίναντος
593 2499 618 2529 c
657 2489 872 2542 (quorum
915 2500 1022 2530 cum
1051 2486 1133 2531 lat.
1166 2486 1357 2543 interpr.
1394 2487 1603 2531 ordinem
1634 2485 1943 2536 commutavit

253 2544 325 2600 Ε).
449 2549 504 2588 10
534 2540 619 2595 τὰς
651 2543 802 2590 ἔνδων
835 2560 860 2590 0
891 2546 1023 2617 (corr.
1047 2546 1120 2617 D).
1244 2550 1299 2589 17
1331 2544 1413 2590 καὶ
1444 2546 1552 2590 ante
1577 2541 1763 2616 ἀπορρ.
1783 2543 1941 2589 addidi

256 2604 329 2658 (ex
359 2602 537 2657 Paulo).
701 2608 755 2648 18
788 2602 909 2648 κατὰ
940 2620 1050 2655 τους
1081 2620 1249 2661 ωμους.
1296 2620 1408 2654 τους
1440 2601 1700 2655 δακτύλους
1731 2599 1886 2661 ἄκρως
1916 2617 1942 2647 0

255 2661 355 2717 (sed
387 2660 444 2705 cf.
478 2661 608 2706 Paul
642 2667 684 2719 3,
710 2664 798 2719 76).
943 2661 996 2707 δὲ
1030 2677 1119 2708 om.
1153 2677 1190 2706 ο.
1323 2668 1377 2707 19
1411 2659 1719 2720 έπερίσαντας
1751 2676 1775 2707 ο
1806 2664 1941 2718 (corr.

252 2720 321 2776 E).
446 2724 500 2763 21
534 2723 911 2777 παρατείναντας
943 2736 967 2765 ο
1001 2723 1135 2777 (corr.
1169 2720 1241 2778 E).
1363 2717 1576 2777 ἀπαραπ.
1611 2736 1635 2766 c
1666 2723 1799 2779 (corr.
1833 2722 1903 2778 E).

255 2784 310 2823 23
342 2795 498 2836 ακρως
531 2775 804 2836 έρείσαντας
828 2794 852 2824 c
878 2781 1010 2836 (corr.
1036 2779 1107 2838 E).
1201 2783 1257 2824 25
1289 2780 1371 2824 καὶ
1404 2781 1529 2836 (ante
1554 2782 1742 2852 παρατ.)
1765 2779 1938 2824 addidi.

314 2843 369 2883 26
404 2837 486 2882 καὶ
517 2839 646 2895 (ante
678 2839 780 2896 τοῦ)
814 2853 838 2882 c
887 2838 1032 2896 (quod
1077 2838 1155 2883 hio
1205 2839 1389 2897 delevi).
1581 2836 1827 2897 ἧρεμαίως.
1876 2837 1939 2883 el:
