2014 3162
871 78 1274 132 -232—

223 211 350 266 πολὺ
403 211 462 265 τὰ
518 212 690 280 δριμέα
743 209 827 264 διὰ
878 209 963 273 τὰς
1009 208 1096 262 ἄπ’
1151 208 1315 263 αὐτῶν
1353 209 1590 272 ἕλκώσεις.
1666 208 1819 262 ἅπασι
1857 210 1912 264 δὲ

224 285 457 363 χρώμεθα
496 291 611 360 μετὰ
649 291 741 360 τὴν
779 290 1018 360 ἆπόληξιν
1056 297 1154 344 τῶν
1192 295 1520 360 καταμηνίων.

340 380 422 427 63.
442 376 629 437 ἐνίοις
655 374 709 426 δὲ
734 372 892 427 ἐδόκει
915 375 999 426 καὶ
1022 372 1153 436 ἅπαξ
1177 378 1264 426 τοῦ
1289 371 1445 441 μηνὸς
1461 371 1588 426 ὀπὸν
1604 371 1912 441 κυρηναικὸν

225 458 387 508 πίνειν
425 451 546 509 ὅσον
584 457 849 524 ἐρεβίνθου
888 459 1085 521 πλῆθος
1123 455 1178 507 ἐν
1218 455 1330 507 δυσὶ
1367 453 1581 517 κυάθοις
1611 453 1807 521 ὕδατος,
1847 451 1918 517 ὦς

180 560 203 593 5
224 535 500 605 καταμήνια
530 534 888 603 ἐπισπώμενον.
921 533 953 603 ἢ
987 534 1306 598 ὄποπάνακος
1335 536 1419 587 καὶ
1451 533 1580 589 ὀποῦ
1610 540 1919 604 κυρηναικοῦ

224 633 307 684 καὶ
354 631 584 701 πηγάνου
633 631 902 698 σπέρματος
948 629 1046 682 ἀνὰ
1093 629 1253 698 ὀβολὼ
1300 635 1334 699 β
1379 629 1743 700 περιπλάσαντα
1779 635 1916 703 κηρῷ

227 712 422 765 διδόναι
452 715 753 778 καταπίνειν,
787 708 886 764 εἶτα
918 710 1188 780 κραμάτιον
1218 713 1505 781 έπιρροφεῖν
1533 709 1566 779 ἢ
1592 713 1647 764 έν
1669 715 1917 784 κραματίῳ

225 796 399 846 πίνειν.
468 790 501 861 ἢ
540 795 768 846 λευκοίου
808 793 1080 862 σπέρματος
1117 795 1197 846 καὶ
1235 797 1474 861 μυρσίνης
1505 791 1602 845 ἆνὰ
1632 791 1919 861 τριώβολον,

226 887 444 956 σμύρνης
493 888 737 958 δραχμήν,
789 890 1035 958 πεπέρεως
1080 895 1260 943 λευκοῦ
1297 888 1508 952 κόκκους
1554 893 1587 957 β
1633 886 1731 956 μετ’
1777 890 1918 942 οἴνου

161 993 203 1026 10
228 968 308 1037 ἐφ’
359 968 543 1038 ἡμέρας
597 978 722 1039 τρεῖς
777 969 971 1023 διδόναι
1031 973 1206 1023 πίνειν.
1291 966 1325 1037 ἢ
1379 967 1601 1036 εὖζώμου
1649 969 1921 1037 σπέρματος

228 1049 407 1119 ὀβολὸν
455 1052 557 1118 ἕνα,
610 1055 916 1118 σφονδυλίου
958 1059 1013 1112 <1²5
1069 1050 1251 1120 ὀβολὸν
1296 1058 1429 1103 πιεῖν
1475 1048 1590 1118 μετὰ
1630 1049 1920 1118 ὀξυμέλιτος.

226 1137 376 1184 ταῦτα
423 1132 477 1185 δὲ
524 1130 585 1185 οὗ
625 1131 782 1199 μόνον
818 1131 1061 1185 κωλυτικὰ
1102 1131 1391 1200 συλλήψεως
1429 1130 1636 1200 ὑπάρχει
1674 1129 1796 1184 ἀλλὰ
1833 1133 1922 1184 καὶ

227 1212 478 1280 φθαρτικὰ
516 1218 601 1280 τῆς
631 1211 730 1280 ἤδη
763 1212 1082 1280 συνεστώσης.
1130 1211 1265 1265 καθ’
1308 1210 1464 1281 ἡμᾶς
1495 1213 1550 1265 δὲ
1579 1215 1761 1265 πλείων
1791 1213 1922 1265 ἐστὶν

227 1291 259 1360 ἡ
307 1291 405 1346 ἀπὸ
451 1292 639 1347 τούτων
683 1292 897 1356 κάκωσις
944 1292 1257 1363 φθειρόντων
1295 1294 1385 1362 μὲν
1421 1295 1505 1347 καὶ
1543 1291 1919 1361 ἀνατρεπόντων

161 1398 204 1431 15
226 1373 312 1428 τὸν
350 1374 608 1443 στόμαχον,
646 1373 970 1443 πληρούντων
1009 1375 1063 1427 δὲ
1101 1373 1191 1443 τὴν
1228 1374 1453 1444 κεφαλὴν
1486 1377 1569 1428 καὶ
1600 1371 1919 1443 συμπάθειαν

227 1455 576 1525 ἐπιφερόντων.
668 1459 720 1509 οἷ
770 1456 824 1508 δὲ
869 1458 953 1509 καὶ
1005 1455 1288 1526 περιάπτοις
1335 1455 1601 1527 ἐχρήσαντο
1647 1454 1801 1509 πολλὰ
1847 1461 1916 1529 τῷ

226 1545 312 1605 τῆς
369 1537 692 1600 ἀντιπαθείας
745 1536 873 1609 λόγῳ
926 1546 1089 1591 ποιεῖν
1143 1541 1444 1606 νομίζοντες,
1504 1539 1558 1590 ἐν
1608 1534 1682 1600 οἷς
1736 1535 1919 1606 μήτρας

227 1617 450 1687 ἡμιόνων
498 1620 582 1670 καὶ
619 1618 705 1671 τόν
745 1620 799 1671 ἐν
835 1626 937 1682 τοῖς
977 1617 1066 1672 ὠσὶ
1105 1618 1269 1689 ῥύπον
1305 1617 1469 1672 αὐτῶν
1506 1620 1589 1671 καὶ
1627 1617 1750 1670 ἄλλα
1786 1621 1920 1671 πλεί-

230 1721 322 1753 ονα
358 1698 568 1765 τούτων,
617 1697 741 1767 ἅπερ
780 1701 860 1752 ἐπὶ
898 1705 997 1753 τῶν
1035 1699 1434 1767 ἀποτελεσμάτων
1473 1703 1700 1767 φαίνεται
1739 1702 1921 1766 ψευδῆ.

163 1803 207 1836 20
347 1787 429 1834 64.
455 1781 722 1849 γενομένης
749 1780 802 1833 δὲ
826 1780 1117 1849 συλλήψεως
1140 1780 1193 1835 τὸ
1218 1781 1307 1849 μὲν
1329 1786 1525 1848 πρῶτον
1549 1781 1640 1843 ἕως
1663 1779 1922 1848 τριάκοντα

229 1860 425 1929 ἡμερῶν
461 1859 520 1913 τὰ
558 1862 757 1914 ἐναντία
794 1869 955 1915 ποιεῖν
995 1860 1069 1926 οἷς
1108 1864 1391 1930 ἔμπροσθεν
1429 1861 1714 1932 εἰρήκαμεν,
1761 1865 1829 1925 εἰς
1868 1861 1924 1913 δὲ

230 1942 282 1996 τὸ
323 1946 627 2009 διαλυθῆναι
664 1941 717 1996 τὸ
758 1943 1047 2011 συλληφθὲν
1078 1943 1412 2012 σφοδρότερον
1442 1949 1690 1996 κινεῖσθαι
1719 1934 1924 2012 περιπα-

230 2028 413 2077 τοῦσαν
459 2022 670 2087 εὐτόνως
715 2026 798 2076 καὶ
846 2023 928 2077 διὰ
987 2029 1197 2087 ζευκτῶν
1250 2025 1655 2092 κατασειομένην,
1711 2022 1925 2087 εὐτόνως
2012 2081 2014 2090 ⁴

351 2218 377 2257 3
413 2209 594 2258 ἐδόκεις
629 2211 676 2258 εἰ
704 2215 845 2259 δοκεῖ
862 2228 899 2259 c.
1024 2219 1050 2259 5
1082 2211 1375 2272 καταμήνιον
1409 2211 1726 2271 ἐπισπόμενον
1745 2215 1922 2270 c(corr.

230 2287 302 2343 D).
430 2292 456 2331 6
489 2286 674 2346 σπέρμα
707 2301 732 2332 c
764 2290 896 2344 (corr.
930 2288 1001 2345 E).
1156 2283 1335 2346 ὀβολῶν
1369 2290 1396 2345 β
1427 2287 1509 2331 καὶ
1539 2280 1923 2344 περιπλάσσαντα

233 2360 256 2389 e
290 2347 420 2403 (corr.
454 2346 524 2403 E)
651 2352 677 2392 8
709 2342 739 2402 ἢ
773 2361 862 2393 om.
896 2362 920 2391 c
944 2348 1073 2420 (add.
1106 2347 1176 2405 Ε).
1304 2352 1356 2391 11
1391 2348 1552 2393 σπονδ.
1586 2360 1624 2390 ο.
1746 2358 1791 2401 4<
1838 2346 1922 2400 (sie

233 2426 288 2442 =
316 2405 346 2449 S
377 2405 408 2448 i.
427 2419 464 2450 e.
497 2408 543 2463 ἦ)
577 2402 745 2464 ὀβολὸν
779 2420 803 2451 c
836 2408 909 2462 (=
934 2403 1196 2463 ἡμιώβολον
1227 2406 1297 2462 Ε).
1424 2411 1477 2450 12
1509 2407 1622 2462 post
1652 2400 1922 2462 ὀξυμέλιτος

230 2463 509 2521 interpolari
539 2465 693 2510 aliena.
722 2480 767 2522 p.
796 2471 1089 2522 61,16-62,
1118 2471 1141 2510 1
1173 2465 1213 2509 D
1245 2467 1372 2510 recte
1403 2464 1569 2510 statuit
1597 2464 1720 2508 Erm.
1753 2479 1799 2520 p.
1815 2463 1922 2508 XLI

233 2523 342 2594 (nisi
373 2522 498 2594 quod
529 2524 741 2568 additum
772 2524 821 2568 in
853 2524 944 2568 fine
977 2524 1122 2570 eiaiam
1153 2523 1364 2581 χαλκέων
1396 2518 1523 2579 υὸωρ
1553 2523 1654 2580 ipse
1678 2523 1879 2580 omitto).

261 2581 382 2625 υΕ.
415 2579 496 2652 μὴ
510 2595 548 2626 c.
671 2588 735 2650 18
767 2579 968 2640 ἡμιόνου
1001 2597 1025 2627 0
1059 2586 1190 2639 (corr.
1221 2582 1293 2640 E).
1418 2587 1472 2627 19
1506 2583 1760 2638 φαίνονται
1792 2595 1817 2626 0
1849 2581 1921 2637 (ut,

232 2641 361 2685 τίνα.
410 2637 636 2696 ,φύονται
666 2641 715 2685 in
739 2641 813 2687 tit.
841 2656 878 2686 0.
900 2642 1033 2686 XVII
1058 2644 1178 2697 etc..)
1301 2646 1358 2686 20
1376 2655 1514 2712 seqq.
1537 2640 1768 2698 excerpsit
1796 2639 1922 2684 Aeffii

234 2701 423 2757 (16,18)
456 2699 653 2757 Aspasia.
685 2713 803 2757 quae
838 2700 1065 2745 Soranum
1098 2701 1320 2757 sequitur.
1411 2697 1665 2756 τριάκοντα
1698 2699 1782 2756 (sic
1814 2699 1920 2755 scr.)
1970 2748 1987 2752 ⁷⁴

235 2773 271 2803 c.
434 2763 489 2803 22
523 2758 842 2817 σφοδρότερον
875 2762 1118 2804 κινεῖσθαι
1150 2760 1312 2804 addidi
1345 2774 1400 2804 ex
1429 2759 1568 2804 Aetio
1601 2761 1710 2817 (om.
1744 2760 1800 2815 ο).

234 2815 526 2876 περιΙτούσης
558 2818 657 2876 (sic)
699 2832 723 2862 c
755 2823 887 2875 (corr.
919 2817 1041 2876 DE).
1218 2817 1587 2876 κατασειομένης
1618 2831 1642 2863 c
1675 2819 1807 2874 (corr.
1839 2816 1913 2873 Ε).
