2014 3162
751 92 1156 145 —359—

110 226 303 291 πέπονι,
342 223 529 296 ἀλφίτῳ
570 226 909 295 νενοτισμένςο,
949 223 1101 295 μήλῳ,
1139 231 1258 277 πᾶσι
1295 233 1395 287 τοῖς
1426 229 1795 293 παραπλησίοις.

110 305 270 374 φόβος
313 305 407 375 γάρ
454 307 550 358 ἐστι
602 304 667 373 μὴ
718 305 800 358 διὰ
850 304 939 373 τὴν
984 303 1200 373 ταραχὴν
1243 303 1309 372 ἢν
1355 309 1502 358 πλείω
1551 304 1795 375 μεταλάβῃ

108 389 186 439 καὶ
229 392 419 457 φθαρῇ.

217 466 404 520 τούτων
429 462 520 520 οὗν
545 468 823 536 γενομένων
848 469 890 518 εἰ
917 465 968 519 τὸ
1002 465 1214 533 μεμυκὸς
1247 465 1330 518 διὰ
1361 473 1458 519 τῶν
1489 474 1795 534 μαλακτικῶν

106 547 421 615 λιπασμάτων
460 547 660 619 ἀνέῳγε,
701 553 782 601 δεῖ
806 545 1115 599 ἀπευθύνειν
1146 545 1231 599 τὸν
1260 546 1499 615 τράχηλον
1531 551 1575 600 εἰ
1604 547 1794 610 σκολιός
1818 569 1838 601 5

108 629 222 694 ἐστι,
262 630 604 697 παραστέλλειν
643 630 697 682 δὲ
739 628 854 698 μετὰ
893 634 1136 695 λιπασμοῦ
1174 626 1261 680 τὸν
1299 623 1451 696 ὄγκον
1490 632 1534 681 εἰ
1569 633 1796 696 παρακεί-

107 731 252 776 μενος
300 714 400 778 εἴη,
449 713 491 762 εἰ
530 711 582 762 δὲ
621 709 712 778 μή,
754 715 835 763 δια
875 712 1179 779 χειρουργίας
1217 708 1467 763 ἐκκόπτειν
1506 713 1595 762 εἴτε
1634 709 1796 777 θύμος

108 792 237 843 ἐστὶν
293 795 383 844 εἴτε
435 790 675 854 κόνδυλος
738 790 835 844 ἀπὸ
899 789 1268 852 ἐπαναστάσεως
1331 794 1422 843 εἴτε
1483 790 1795 858 διαφράττων

106 869 242 938 ὑμὴν
286 870 318 939 ἢ
368 871 546 939 σαρκὸς
596 876 857 940 περίφυσις
902 869 934 938 ἢ
974 871 1091 924 ἄλλο
1134 893 1177 923 τι
1223 877 1321 923 τῶν
1365 868 1600 924 τοιούτων
1646 873 1795 938 ἐμπο-

106 955 255 1013 δίζον.
346 952 715 1020 περιττωμάτων
761 954 814 1005 δὲ
859 954 1194 1021 κατεχομένων
1241 950 1492 1019 ἐκβάλλειν
1547 951 1795 1020 σκύβαλον
1821 974 1861 1004 ιο

106 1031 189 1084 διὰ
234 1039 500 1101 κλυστῆρος
546 1032 808 1101 ὗδρελαίου
855 1032 886 1102 ἢ
933 1032 1246 1102 ὑδρομέλιτος
1294 1033 1564 1095 ἐνεθέντος.
1637 1032 1689 1085 τὸ
1741 1034 1794 1084 δὲ

33 1174 42 1178 ἢ
104 1107 256 1181 οὖρον
309 1116 564 1181 κομιστέον
619 1115 702 1167 διοὶ
753 1121 841 1168 τοῦ
896 1120 1193 1182 καθετῆρος,
1244 1116 1287 1165 εἰ
1345 1115 1699 1181 πεπληρωμένη
1762 1110 1793 1181 ἡ

103 1192 269 1256 κύστις
322 1193 476 1260 οὔρου
531 1198 620 1262 εἴη.
713 1199 860 1248 λίθου
917 1195 970 1247 δὲ
1024 1198 1181 1247 αἰτίου
1238 1193 1378 1256 ὄντος
1440 1195 1793 1262 ἕσφηνωμένου

107 1273 350 1326 διώσαντα
380 1274 470 1343 χρὴ
509 1275 595 1328 τὸν
633 1280 779 1329 λίθον
817 1282 1053 1343 καθετῆρι
1090 1277 1142 1328 ἐκ
1181 1281 1268 1328 τοῦ
1306 1274 1548 1343 τραχήλου
1586 1282 1671 1343 τῆς
1709 1275 1794 1328 κύ-

108 1371 255 1418 στεως
293 1359 362 1418 εἰς
399 1355 452 1408 τὸ
492 1355 636 1419 κύτος
674 1355 918 1423 ἀπωθεῖν,
957 1356 1124 1425 χόριον
1164 1357 1217 1408 δὲ
1257 1354 1320 1424 μὴ
1363 1355 1794 1424 ἆναστομούμενον
1819 1375 1861 1408 15

105 1435 299 1488 κατιάδι
337 1436 673 1504 προσεχόντως
712 1441 919 1505 διαιρεῖν
956 1444 1022 1510 τῷ
1062 1436 1280 1509 δακτύλῳ
1321 1436 1714 1505 προκοιλάναντά
1749 1461 1794 1491 τι

105 1519 263 1586 μέρος.
339 1519 778 1586 προεκκεκριμένου
826 1519 879 1571 δὲ
927 1525 1014 1572 τοῦ
1052 1517 1206 1589 ὑγροῦ
1247 1518 1330 1572 διὰ
1368 1522 1711 1586 κλυστηριδίου
1749 1542 1794 1572 τι

104 1606 203 1652 τῶν
239 1605 461 1668 λιπαρῶν
499 1597 665 1668 ὑγρῶν
704 1603 773 1662 εἰς
810 1598 896 1653 τὸν
933 1607 1218 1669 γυναικεῖον
1257 1601 1438 1652 ἐνιέναι
1474 1598 1672 1653 κόλπον.

217 1687 302 1734 60.
355 1679 490 1749 παρὰ
537 1680 691 1747 φύσιν
745 1682 798 1733 δὲ
846 1682 1256 1750 ἐσχηματισμένου
1311 1687 1399 1733 τοῦ
1445 1679 1662 1748 ἐμβρύου
1708 1680 1793 1734 τὸν

105 1761 229 1815 κατὰ
268 1761 422 1829 φύσιν
461 1760 760 1815 ἀποδιδόναι
790 1761 1133 1830 σχηματισμόν.
1193 1762 1275 1813 καὶ
1315 1764 1358 1813 εἰ
1395 1761 1483 1828 μὲν
1522 1763 1601 1813 ἐπὶ
1640 1783 1790 1829 κεφα-
1815 1782 1857 1815 20

106 1843 200 1911 λὴν
246 1843 449 1911 ἐνεχθὲν
495 1844 886 1911 παρεγκέκλιται,
939 1850 1171 1895 καθεῖναι
1215 1841 1306 1910 τὴν
1352 1841 1612 1909 εὖῶνυμον
1657 1852 1794 1911 χεῖρα

105 1925 486 1990 λελιπασμένην,
533 1922 880 1992 ῶνυχισμένων
925 1930 1023 1976 τῶν
1068 1923 1235 1990 ἄκρων
1281 1926 1349 1987 εἰς
1387 1922 1440 1976 τὸ
1481 1922 1545 1991 μὴ
1594 1923 1793 1977 νύσσειν

104 2005 432 2071 ἐκτεταμένων
468 2010 567 2056 τῶν
605 2004 858 2057 δακτύλων
895 2007 979 2057 καὶ
1015 2003 1136 2057 κατὰ
1174 2003 1289 2066 τοὺς
1327 2008 1479 2074 ῥᾶγας
1518 2010 1792 2074 συμβεβλη-

103 2087 267 2154 μένων
305 2082 531 2151 ἆλλήλοις
569 2084 793 2153 μυούρου
832 2082 976 2154 χάριν
1016 2091 1346 2153 σχηματισμοῦ
1378 2088 1445 2147 εἰς
1475 2084 1528 2138 τὸ
1560 2084 1790 2140 ἆσκυλτό-

101 2188 243 2234 τερον
272 2171 359 2233 τῆς
389 2166 654 2231 καθέσεως,
685 2165 804 2218 καθ’
841 2164 902 2219 ὃν
932 2165 1105 2234 καιρὸν
1136 2171 1356 2233 φυσικῶς
1386 2164 1439 2218 τὸ
1473 2171 1558 2232 τῆς
1589 2163 1791 2235 ὑστέρας
1814 2185 1857 2218 25
1925 2239 1928 2242 ‚

104 2247 426 2300 διαστέλλεται
463 2245 677 2314 στόμιον,
717 2250 785 2310 εἰς
822 2245 874 2300 τὸ
916 2245 981 2314 μὴ
1014 2246 1270 2309 συνιόντος
1302 2245 1455 2299 αὐτοῦ
1486 2248 1568 2298 καὶ
1601 2255 1789 2300 συστελ-

222 2360 248 2399 2
281 2350 310 2412 ἢ
343 2355 486 2399 πλείω
519 2355 686 2411 φθαρῆ
719 2354 801 2399 καὶ
833 2351 1070 2413 μεταλαβη
1104 2369 1128 2399 c
1161 2356 1293 2425 (corr.
1325 2355 1397 2411 Ε).
1579 2359 1608 2398 4
1637 2371 1789 2413 γινομ.

105 2430 131 2459 c
163 2417 296 2486 (corr.
330 2413 402 2471 E).
554 2418 581 2457 5
616 2413 697 2457 καὶ
730 2415 855 2470 (ante
886 2415 1057 2470 λιπο)
1061 2450 1070 2458 .
1222 2409 1435 2469 ανοίγειν
1467 2412 1547 2456 καὶ
1579 2429 1660 2458 απ.
1693 2428 1730 2458 c.

106 2479 132 2519 8
165 2469 261 2518 ἀπὸ
295 2468 657 2525 έπωιαστάσεως
690 2486 714 2516 c
748 2472 856 2529 (del.
889 2473 959 2543 E).
1145 2477 1198 2517 10
1245 2468 1605 2529 περιττωμάτων
1638 2470 1691 2517 δε
1725 2472 1786 2517 D:

102 2533 197 2576 τῶν
228 2533 495 2589 περίττωμα
526 2530 580 2576 δε
614 2545 651 2575 ο.
777 2537 832 2575 14
865 2528 1132 2576 διώσασθαι
1165 2545 1189 2575 0
1221 2531 1407 2585 (διῶσαι
1428 2531 1499 2586 Ε).
1625 2536 1677 2576 15
1710 2533 1791 2576 καὶ

103 2590 172 2642 εἰς
203 2604 240 2636 c.
427 2595 479 2635 16
520 2592 660 2635 κατιᾶ
693 2592 770 2635 δεῖ
798 2605 822 2634 c
855 2587 1065 2647 (κατιάδι
1096 2592 1177 2635 δεῖ
1200 2589 1280 2646 D),
1328 2592 1557 2646 flebotomo
1588 2591 1669 2635 lat.

104 2650 524 2707 προσκοιλαίνοντα
557 2663 582 2692 c
615 2651 748 2706 (corr.
781 2651 852 2707 E).
974 2654 1030 2695 23
1071 2649 1152 2694 καὶ
1183 2649 1287 2693 add.
1322 2649 1382 2693 Ε.
1422 2664 1511 2694 om.
1545 2663 1582 2694 c.
1704 2646 1791 2706 ῥ’ώ-

103 2725 190 2781 γας
221 2722 245 2752 c
277 2710 410 2764 (corr.
442 2708 495 2764 E,
527 2707 585 2754 cf.
619 2708 734 2754 Poll.
770 2711 954 2779 2‚146).
1136 2707 1526 2768 συμβεβλημένων
1560 2708 1663 2779 (sic,
1696 2721 1790 2752 non

103 2765 355 2884 (us'vov)D)c.
507 2771 565 2811 24
605 2745 922 2826 σχηματισμὸν
956 2783 980 2814 0
1013 2770 1144 2826 (corr.
1178 2766 1250 2822 D).
1403 2772 1460 2811 26
1493 2764 1730 2816 συνιέντος
1762 2779 1787 2810 c

123 2840 225 2872 corr
