2014 3162
751 105 1149 159 -327-

108 243 313 308 στομίου
362 236 394 307 ἢ
449 237 678 307 θρόμβον
732 237 1241 307 παρενσφηνωθέντος
1296 236 1443 311 αὐτῷ,
1464 240 1468 245 ‘
1486 244 1603 301 τοῖς·
1634 237 1798 300 ἄλλοις

114 319 311 389 ὁμοίως.
417 358 1759 373 ................

108 484 196 535 καὶ
247 481 362 536 ποτὲ
413 482 501 549 μέν
555 485 623 545 εἰς
675 482 760 536 τὸν
806 480 994 548 δεξιόν,
1039 481 1155 535 ποτὲ
1201 481 1256 534 δὲ
1302 484 1370 544 εἰς
1415 480 1502 535 τὸν
1547 480 1797 550 ἀριστερὸν

109 568 348 632 βουβῶνα
385 561 476 631 τὴν
515 565 690 632 ἔρεισιν
727 564 1041 632 ποιουμένης.
1097 564 1164 616 ἔτι
1203 563 1258 615 δὲ
1289 564 1371 615 καὶ
1401 562 1526 630 ψόαι
1557 565 1639 615 καὶ
1669 566 1797 631 ἰσχία
1820 581 1840 614 5

117 651 354 714 συναλγεῖ
383 661 476 697 τισι
513 645 598 696 καὶ
635 643 692 696 τοὶ
730 650 817 712 τῆς
855 648 1166 712 συμπαθείας
1201 649 1287 713 τῆς
1320 643 1445 713 πρὸς
1474 643 1564 712 τὴν
1594 642 1798 713 ὑστέραν

109 733 292 794 σημεῖα
330 726 582 800 ἔφορᾶται,
629 723 737 780 οἷον
774 725 1013 780 τενόντων
1050 724 1304 796 ἀλγήματα
1341 727 1424 778 καὶ
1461 730 1677 793 κεφαλῆς
1715 727 1798 777 καὶ

108 805 173 860 τὰ
218 805 392 873 λοιπά,
440 808 522 859 καὶ
567 805 689 859 κατὰ
737 806 830 874 τὴν
867 813 965 860 τῶν
1005 805 1260 860 δακτύλων
1295 810 1476 873 θλίψιν
1513 804 1628 870 εἷξις
1665 804 1798 858 ἄντι-

111 886 400 956 μεταβατικὴ
439 893 628 953 ποσῶς,
673 894 837 956 ταχεῖα
875 888 930 940 δὲ
967 887 1118 941 πάλιν
1155 885 1519 957 ἐπιδιόγκωσις,
1556 888 1639 939 καὶ
1674 884 1798 954 πρὸς

107 967 196 1022 τὸν
233 966 316 1020 διὰ
354 973 440 1036 τῆς
477 967 635 1036 χειρὸς
669 966 915 1038 ραπισμὸν
943 963 1064 1037 ἦχος
1092 967 1440 1036 τυμπανοόδης,
1480 970 1596 1022 ποτὲ
1627 968 1682 1022 δὲ
1712 969 1795 1020 καὶ
1821 987 1862 1019 10

108 1046 323 1115 στρόφος
359 1050 442 1101 καὶ
480 1046 722 1117 διαδρομὴ
761 1047 1086 1119 νυγματοόδης
1123 1050 1206 1102 καὶ
1237 1051 1391 1103 οἱονεὶ
1422 1048 1661 1118 σφυγμός.
1717 1051 1799 1102 καὶ

106 1128 233 1196 πρὸς
277 1127 337 1182 τὰ
373 1133 707 1197 θερμαίνοντα
745 1130 799 1182 δὲ
836 1129 1139 1198 κουφισμός,
1195 1127 1294 1183 εἶτα
1333 1127 1431 1197 μετ’
1475 1128 1642 1200 ὀλίγον
1678 1150 1800 1196 παρ-

109 1209 346 1278 οξυσμός,
396 1208 567 1278 ψόφος
604 1232 652 1264 τε
689 1213 770 1264 καὶ
810 1209 1151 1280 βορβορυγμὸς
1191 1208 1256 1273 ὥς
1295 1214 1544 1279 αἰσθητῶς
1582 1214 1673 1275 ἔξω
1712 1217 1799 1265 τοῦ

114 1291 389 1359 πνεύματος
435 1293 780 1361 διατρέχοντος.
862 1290 915 1344 τὸ
963 1291 1018 1344 δὲ
1062 1291 1312 1358 ἐνιέμενον
1358 1292 1412 1343 ἐν
1457 1297 1514 1362 τῇ
1559 1296 1799 1363 συνουσία

110 1372 303 1440 σπέρμα
341 1370 602 1447 διαλύεται.
654 1371 712 1425 τὰ
753 1372 806 1425 δὲ
842 1379 929 1440 τῆς
966 1370 1297 1440 συνοιδήσεως
1334 1374 1427 1425 τισὶ
1464 1372 1553 1442 μὲν
1584 1371 1660 1427 ἀεὶ
1691 1377 1797 1427 δια·
1824 1394 1865 1426 15

67 1489 76 1508 ι
112 1452 263 1520 μένει,
301 1453 396 1505 τισὶ
435 1453 490 1505 δὲ
529 1452 612 1506 διά
649 1475 783 1517 τινος
821 1452 1003 1523 χρόνου
1040 1455 1267 1522 γίγνεται.

225 1535 308 1586 32.
370 1535 453 1586 καὶ
499 1541 594 1587 νῦν
640 1534 694 1587 δὲ
741 1533 831 1602 τὴν
869 1535 1143 1602 ἐπιμέλειαν
1180 1540 1265 1601 τῆς
1301 1538 1570 1603 θεραπείας
1615 1531 1682 1598 ὧς
1718 1536 1797 1588 ἐπὶ

109 1620 310 1684 στεγνῆς
356 1616 648 1669 συντακτέον
692 1622 994 1683 κατασκευῆς
1041 1613 1105 1667 δι’
1159 1615 1527 1683 ἔγχυματισμῶν
1564 1614 1799 1669 ἆνετικῶν

110 1697 193 1748 καὶ
223 1695 640 1764 καταπλασμάτων
669 1695 878 1763 κούφων
907 1717 955 1749 τε
986 1702 1172 1749 σικυῶν
1199 1697 1283 1748 καὶ
1314 1695 1430 1764 μετὰ
1460 1704 1799 1766 κατασχασμοῦ

114 1778 198 1829 καὶ
234 1776 417 1840 παντὸς
453 1777 552 1846 ἤδη
583 1785 671 1832 τοῦ
703 1777 970 1847 ὁμογενοῦς
999 1776 1190 1840 τούτοις
1220 1777 1553 1846 βοηθήματος.
1613 1777 1799 1847 τροφὰς
1823 1800 1865 1831 20

113 1859 171 1911 δὲ
224 1860 602 1926 λαμβανέτωσαν
647 1858 706 1928 μα’
763 1860 1069 1922 δυσπέπτους
1114 1879 1162 1911 τε
1206 1859 1290 1910 καὶ
1338 1857 1799 1927 δυσκαταπονήτους

114 1940 200 1992 καὶ
253 1942 469 2007 δριμείας
521 1941 603 1992 καὶ
648 1939 1071 2007 πνευματωτικᾶς,
1124 1938 1247 1992 ἀλλὰ
1291 1938 1377 2003 τὰς
1421 1943 1605 2011 ῥᾳδίως
1656 1961 1800 1993 κατα-

110 2027 380 2074 πονεῖσθαι
417 2022 709 2089 δυναμένας.
784 2020 816 2089 ἡ
858 2021 911 2074 δὲ
950 2029 1071 2089 μαῖα
1107 2022 1556 2089 προλελιπασμένον
1592 2019 1677 2074 τὸν
1717 2020 1801 2073 δᾶ-

109 2107 290 2155 κτυλον
337 2107 547 2155 καθεῖσα
591 2100 677 2155 τὸν
715 2103 993 2171 ἐγκείμενον
1029 2100 1260 2171 θρόμβον
1301 2104 1434 2170 εἴπερ
1472 2100 1608 2169 τύχοι
1645 2122 1798 2169 παρα-

235 2258 259 2298 1
291 2267 560 2310 παρασφην.
595 2268 618 2298 c
651 2255 783 2310 (corr.
816 2254 886 2311 E).
1009 2259 1035 2298 2
1069 2255 1324 2310 sequuntur
1354 2253 1553 2298 Aetiana
1585 2267 1609 2296 c
1642 2258 1797 2310 p.27l,

117 2318 174 2358 21
194 2338 246 2346 -
267 2317 376 2369 272,
404 2317 458 2358 19
485 2314 778 2369 (συνίσταται
803 2339 859 2346 -
884 2311 1013 2370 εἰσί).
1195 2318 1222 2358 5
1256 2309 1490 2369 ἐρείὸησιν
1522 2326 1546 2356 c
1578 2313 1711 2368 (corr.
1743 2311 1799 2368 D,

113 2369 345 2429 ἐνέρεισιν
375 2371 446 2428 Ε).
567 2375 594 2416 8
628 2372 716 2426 ἵξις
747 2386 770 2417 c
803 2374 934 2428 (corr.
959 2373 1031 2428 D).
1155 2377 1209 2416 12
1242 2370 1318 2416 δὲε
1350 2366 1377 2415 ὁ
1410 2385 1448 2416 c.
1573 2376 1627 2415 13
1660 2367 1686 2416 ὁ
1712 2369 1801 2429 ψό-

112 2447 205 2487 φος
234 2428 284 2476 τὲ
317 2445 342 2475 c
374 2427 417 2488 (ὃ
450 2430 541 2476 del.
571 2431 641 2487 E).
763 2427 826 2483 ὡς
856 2427 1086 2487 αἰσθητὸς
1118 2445 1141 2476 c
1176 2433 1307 2488 (corr,
1341 2429 1414 2487 D).
1447 2429 1506 2476 cf.
1536 2445 1582 2487 p.
1616 2435 1717 2486 272,
1745 2436 1798 2475 11

281 2495 335 2537 15
367 2487 681 2547 συνοικήσεως
713 2504 737 2534 c
769 2491 971 2547 (inflatio
1001 2490 1099 2546 lat„
1131 2486 1421 2546 ἄνοιδήσεως
1452 2489 1524 2546 Ε).
1633 2494 1685 2533 17
1719 2490 1802 2546 τῆς

110 2549 498 2605 θεραπείαςοῑη.
528 2548 579 2595 Ε.
726 2553 780 2594 18
811 2546 1081 2606 κατασκευὴ
1114 2564 1153 2595 c.
1304 2553 1361 2593 23
1393 2550 1503 2607 post
1532 2547 1801 2606 δυναμένας

114 2621 212 2665 aeq.
242 2606 447 2654 Aetiana.
478 2622 503 2653 0
533 2623 577 2665 p.
596 2613 698 2665 273,
724 2614 779 2654 16
797 2634 852 2641 --
871 2614 972 2666 274,
996 2614 1022 2653 2
1054 2609 1138 2653 ubi
1168 2621 1341 2654 novum
1374 2607 1538 2653 Sorani
1566 2608 1800 2682 fragmen-

113 2669 217 2713 tum
245 2666 510 2714 adnectitur
540 2668 605 2715 sic
637 2667 717 2714 καὶ
750 2664 901 2720 εὐθὺς
931 2664 1049 2726 μετὰ
1078 2665 1132 2712 τὸ
1167 2663 1438 2725 ἔγκοὶθισμα
1548 2663 1579 2723 ἡ
1614 2668 1667 2712 δε
1701 2666 1798 2723 (sie,

114 2725 199 2771 ubi
226 2723 291 2779 *ab
330 2739 420 2771 om.
451 2726 502 2784 d)
541 2732 660 2784 μαῖα
698 2728 786 2772 eto.
850 2741 955 2772 cum
987 2727 1095 2771 albo
1127 2728 1261 2784 (ante
1285 2723 1334 2784 ἡ)
1366 2726 1500 2771 unius
1529 2725 1626 2770 fere
1657 2726 1801 2770 centi-

114 2784 269 2842 ωείῑιςί,
330 2796 450 2841 quae
490 2787 745 2842 sequuntur
783 2788 946 2831 extanfi
981 2788 1141 2832 tamen
1179 2786 1325 2831 etiam
1361 2785 1484 2842 apud
1517 2784 1706 2829 Aetium
1745 2797 1802 2828 ex

118 2842 318 2899 Somne,
350 2845 587 2890 nonnullis
618 2845 806 2902 quidem
837 2843 1032 2900 omissis,
1065 2846 1285 2902 excerpta.
1316 2846 1456 2900 amne
1486 2844 1680 2889 mutata.
