2014 3162
866 76 1120 156 -'134
1197 133 1267 139 —

337 240 408 279 50.
440 234 599 290 Azyon
630 246 773 289 quare
804 232 1004 277 dicitur?

336 293 520 337 Nomen
550 292 696 337 traxit
727 307 756 337 a
785 306 911 337 vaso.
960 291 1100 336 sicuti
1123 290 1248 335 enim
1273 304 1412 335 avaso
1437 290 1620 347 aperias
1645 292 1693 335 et
1716 291 1907 336 claudas

218 352 443 409 quidquid
480 351 604 396 intra
644 366 715 407 se,
761 353 815 395 ut
852 351 903 394 in
946 364 1001 396 eo
1033 350 1137 395 loco
1169 348 1331 395 corion
1361 348 1565 406 anguion
1596 349 1789 406 dicitur,
1827 350 1909 407 qui

219 412 424 457 occultat
460 410 701 455 infantem.
765 409 981 455 similiter
1019 411 1068 454 et
1098 408 1273 465 anguia
1303 409 1418 454 bene
1450 408 1667 454 dicuntur
1697 423 1751 454 eo
1784 410 1909 465 quod

171 479 192 512 5
218 471 490 528 sanguinem
523 470 742 515 occultet.

335 535 405 575 53.
431 528 562 573 Unde
595 528 782 572 constat
813 527 997 572 corion‘?

335 589 403 632 De
446 588 602 632 nervis
643 588 691 630 et
730 586 859 631 venis
891 587 938 630 et
968 584 1164 629 arteriis.
1228 583 1413 630 diversa
1443 586 1551 630 sunt
1581 586 1697 631 haec
1728 586 1908 632 ratione

215 661 453 702 venarum,
487 647 569 690 sed
599 644 959 701 participatione
992 643 1261 689 consimilis.
1330 657 1474 689 venae
1516 645 1640 689 enim
1670 646 1775 702 plus
1807 661 1908 691 sum

217 708 316 764 (sic)
343 705 581 761 sanguinis
605 704 782 748 habent
805 704 852 748 et
875 703 1028 748 minus
1052 702 1279 760 spiritum.
1325 703 1486 759 itaque
1510 703 1638 749 laesa
1661 705 1907 761 gluttinari

150 775 194 807 10
219 767 267 810 et
299 764 405 809 sisti
434 762 507 808 bis
539 764 752 820 possunt.

335 825 443 880 (53.)
480 821 581 875 Quo
613 822 766 866 colore
799 822 872 865 est
903 820 1090 866 corion?

333 880 683 937 Purpurizante.

334 945 404 986 54.
437 941 571 985 Unde
602 938 757 984 infans
787 939 837 983 in
868 941 999 984 utero
1031 940 1203 984 edens?

332 999 526 1044 Mai-‚rice
569 997 784 1053 inuilico,
831 1013 971 1054 quam
1017 998 1067 1042 in
1103 998 1294 1043 modum
1339 998 1535 1043 stentini
1565 999 1683 1043 bene
1713 999 1905 1056 longum

148 1069 191 1102 15
215 1059 423 1105 matricis
462 1058 801 1115 adiunguntur,
848 1057 958 1102 inde
1005 1056 1161 1102 eibum
1207 1057 1393 1114 accipit.
1453 1072 1563 1103 nam
1600 1057 1828 1102 infantem
1857 1059 1908 1103 in

214 1121 424 1164 ventrem
462 1117 592 1162 cibus
625 1116 722 1161 eius
754 1115 942 1172 sanguis
974 1118 1046 1160 est
1077 1118 1125 1160 et
1153 1116 1371 1160 movendi
1405 1117 1607 1173 corporis
1639 1115 1907 1174 animaque,

214 1193 307 1222 non
340 1191 416 1222 ore
449 1177 717 1233 acceptum,
765 1175 846 1220 sed
885 1176 938 1219 ut
981 1174 1218 1232 supradixi
1247 1189 1331 1231 per
1360 1175 1633 1220 intestinum
1661 1176 1905 1221 inuilicare

213 1237 359 1282 nutrit
403 1235 653 1289 infantem,
703 1234 820 1279 adeo
867 1237 921 1279 61
964 1235 1173 1279 16666166
1220 1234 1321 1278 6611
1357 1234 1560 1279 infantes
1593 1235 1770 1279 stercus
1803 1249 1906 1279 san-

213 1297 436 1355 guineum
473 1294 666 1350 aliquod
705 1293 868 1338 diebus
900 1293 1114 1348 mittunt,
1154 1293 1264 1337 dum
1294 1293 1412 1338 haec
1443 1293 1566 1338 lacte
1598 1294 1906 1351 complectico

147 1364 192 1396 20
214 1363 315 1401 tere
349 1357 526 1399 stercus
556 1354 719 1398 mutet.
1195 1361 1200 1364 ·

333 1419 402 1459 55.
438 1412 560 1467 Quid
592 1413 663 1457 est
695 1412 907 1456 amnius‘?

333 1474 497 1518 Semen
546 1472 672 1526 quod
712 1473 867 1516 totum
904 1470 1047 1515 habet
1083 1468 1325 1515 infantem.
1406 1483 1526 1527 quae
1563 1484 1637 1515 res
1675 1470 1820 1515 efficit
1857 1472 1911 1515 61

213 1547 308 1578 666
352 1534 575 1576 noceatur
612 1530 662 1574 in
699 1532 845 1576 utero.
907 1543 1016 1574 nam
1055 1530 1103 1573 61
1151 1529 1201 1573 16
1239 1542 1361 1585 aqua
1399 1529 1543 1585 16661,
1590 1529 1645 1573 61
1686 1528 1736 1573 in
1773 1543 1909 1586 9666-

212 1592 339 1636 ribus
380 1588 574 1634 cottidie
611 1589 837 1634 videmus.
899 1589 1018 1632 haec
1057 1588 1268 1632 membra
1305 1589 1437 1633 66116
1473 1588 1673 1634 16111666
1712 1589 1906 1633 infantis

147 1658 191 1692 25
215 1651 461 1697 habentur.

335 1712 406 1754 58.
441 1708 567 1762 Quae
601 1707 736 1764 signa
767 1707 876 1751 sunt
905 1705 1202 1750 adventantis
1231 1706 1442 1751 maturae
1472 1708 1647 1762 partus,

332 1768 387 1812 In
421 1767 620 1824 septimo
651 1779 810 1811 mense
843 1765 938 1810 sive
962 1777 1084 1810 nono
1108 1763 1184 1808 vel
1209 1765 1389 1809 decimo
1412 1779 1497 1821 per
1517 1765 1704 1822 pectine
1727 1766 1908 1822 pondus

215 1828 297 1883 sit,
338 1829 386 1871 61
428 1826 551 1870 61166
591 1826 752 1870 166116
782 1826 937 1869 totum
968 1823 1102 1868 dolor
1131 1822 1250 1868 16116
1283 1825 1331 1868 61
1359 1824 1501 1868 161661
1531 1823 1776 1880 inguinum
1806 1826 1905 1870 ten-

120 1931 123 1932 6
216 1900 336 1931 sura.
396 1885 570 1930 matrix
612 1886 768 1930 autem
800 1883 1006 1940 aperitur
1038 1896 1088 1927 os
1121 1882 1231 1927 eius.
1294 1883 1407 1927 tunc
1437 1883 1572 1928 molli
1604 1882 1756 1941 digito
1787 1885 1907 1927 tem—

148 1956 192 1988 36
215 1946 402 2003 9166166
427 1957 681 1997 occurrere,
707 1944 755 1987 et
780 1942 1012 1999 paulatim
1038 1941 1173 1998 quasi
1202 1941 1465 2002 rotunditas
1498 1941 1690 1998 quidam
1718 1943 1871 1987 totum
1899 1942 1908 1999 Ῐ

40 2020 79 2062 (ε,
94 2016 158 2052 159
169 2013 208 2055 b)
221 2003 428 2049 matricis
459 2017 511 2048 os
543 2003 787 2059 compleat.

39 2075 201 2119 (f.154a)
339 2067 409 2108 59.
442 2062 575 2107 Unde
608 2061 872 2106 cremantur
901 2061 1060 2104 utrum
1091 2059 1148 2104 de
1178 2059 1345 2105 timore
1377 2060 1536 2116 aliquo
1561 2060 1621 2105 sit
1644 2059 1776 2105 dolor
1800 2060 1909 2104 ante

252 2123 387 2168 artu?

218 2139 248 2181 p
339 2180 473 2234 Quod
519 2179 583 2224 611
627 2179 684 2223 (16
731 2178 898 2224 timore
938 2178 1000 2223 sit
1039 2178 1192 2232 dolor,
1241 2177 1487 2223 declausus
1526 2191 1578 2224 os
1615 2177 1912 2222 matricis‘et

154 2246 198 2281 35
221 2241 367 2286 siccus
407 2241 490 2285 661.
553 2237 592 2282 61
631 2252 740 2283 1616
785 2237 840 2282 (16
872 2239 1011 2295 96116
1042 2239 1134 2294 661,
1172 2250 1258 2281 666
1290 2237 1436 2282 616666
1466 2251 1554 2282 666
1585 2237 1788 2292 6166666,
1828 2237 1911 2281 sed

219 2300 363 2345 currit
392 2299 570 2342 humor.

339 2362 409 2402 66.
443 2357 570 2410 Quae
603 2356 712 2400 sunt
740 2355 1087 2412 praeparandae
1120 2354 1180 2398 ad
1211 2354 1541 2411 excipientium
1571 2356 1790 2412 partum?

339 2415 526 2470 Oleum,
567 2428 690 2470 aqua
730 2414 924 2471 frigida,
973 2412 1301 2458 calefactiones
1342 2414 1535 2471 spongie
1573 2412 1752 2468 mollis,
1799 2413 1909 2458 lana

218 2476 415 2530 munda,
453 2473 668 2527 fasciola,
709 2471 958 2528 cerotaria‚
1001 2475 1048 2517 et
1079 2471 1257 2516 adhora
1287 2472 1405 2517 sella
1444 2471 1756 2528 obsetricalis,
1802 2486 1910 2529 gra·

151 2545 197 2578 40
219 2537 344 2591 vata,
376 2534 485 2577 dum
517 2532 760 2589 oportuno.

340 2598 410 2638 61.
445 2591 606 2645 Qualis
639 2591 710 2634 est
742 2589 1030 2635 obsetricalis
1062 2588 1315 2634 cathedra?

340 2715 395 2755 31
438 2708 685 2766 compleat.
734 2707 784 2752 Si
815 2709 974 2752 tamen
1003 2706 1263 2764 pessarium
1401 2710 1479 2751 etc.
1511 2720 1626 2764 quae
1657 2711 1910 2764 sequuntur

221 2767 390 2815 aliena.
453 2769 512 2823 cf.
545 2781 690 2824 supra
721 2767 782 2812 ad
812 2780 885 2823 qu.
919 2770 996 2812 29.
1119 2771 1175 2810 33
1207 2768 1344 2822 partu
1376 2765 1500 2821 quod
1532 2765 1593 2810 sit
1625 2767 1740 2822 (sine
1770 2767 1910 2810 inter-

222 2843 317 2886 roy.
350 2828 567 2887 vestiyio).
