2014 3162
757 111 1161 166 —315—

110 246 433 310 λειποθυμία,
488 244 691 307 ἔκλυσις.
768 242 871 296 κατ’
916 245 1132 298 ἐπίτασιν
1180 246 1234 297 δὲ
1279 248 1362 298 καὶ
1407 246 1612 316 λυγμός,
1652 245 1797 317 ἀλγή-

109 347 234 393 ματα
271 323 513 393 τραχήλου
552 326 634 376 καὶ
673 324 918 395 σιαγόνων
955 327 1039 378 καὶ
1076 324 1343 395 βρέγματος
1390 329 1473 378 καὶ
1520 326 1797 395 ὀφθαλμῶν

112 405 315 474 μάλιστα
352 403 474 458 κατὰ
509 404 594 468 τὰς
625 405 806 474 βάσεις,
845 405 1244 475 παρεμποδισμὸς
1275 407 1440 476 οὔρων
1469 406 1502 476 ἢ
1536 409 1796 477 σκυβᾶλων

107 485 141 556 ἢ
165 489 246 541 καὶ
270 486 577 556 ἆμφοτέρων.
639 492 858 556 χείρονος
883 488 936 541 δὲ
959 494 1046 556 τῆς
1070 493 1348 557 φλεγμονῆς
1371 484 1540 557 οὔσης,
1565 489 1796 552 αὔξονται

106 571 189 623 καὶ
243 572 295 624 οἷ
328 570 527 638 πυρετοὶ
579 570 661 621 καὶ
715 571 1024 639 ἕπιγαστρίου
1074 569 1333 638 ἐξόγκωσις
1386 572 1468 623 καὶ
1527 573 1791 639 παρακοπὴ
1817 591 1836 623 5

107 657 484 718 παρακολουθεῖ
513 651 596 703 καὶ
635 648 902 718 συνέρεισις
940 646 1159 703 ὀδόντων
1199 651 1281 703 καὶ
1320 649 1553 718 σπασμός.

222 738 304 785 18.
373 733 455 784 καὶ
507 737 656 784 ταῦτα
710 731 799 799 μὲν
859 730 1026 798 κοινά,
1088 733 1192 783 ἴδια
1247 732 1301 784 δὲ
1356 728 1513 799 μόνου
1568 731 1657 799 μὲν
1710 739 1797 787 τοῦ

109 816 308 880 στομίου
378 816 760 881 φλεγμαίνοντος
828 813 1053 879 ἐπίμυσις
1114 810 1266 866 αὐτοῦ
1327 814 1411 866 καὶ
1472 816 1798 881 συναίσθησις

109 891 387 960 ὀδυνῶδης,
426 891 640 945 ἐπινεύει
679 890 729 945 δ’
774 890 839 955 ὡς
876 891 999 960 πρὸς
1028 891 1114 946 τὸν
1146 891 1425 959 δακτύλιον,
1464 897 1797 947 συντείνονται

108 973 165 1026 δὲ
209 978 464 1042 βουβῶνες
508 976 648 1036 ἰδίως
693 975 775 1026 καὶ
821 972 880 1026 τὰ
925 975 1034 1042 περὶ
1084 972 1171 1027 τὸν
1219 972 1378 1027 κτένα.
1463 972 1528 1042 μὴ
1581 973 1699 1027 ὅλου
1740 975 1794 1027 δὲ
1820 997 1860 1028 10

106 1059 196 1107 τοῦ
241 1053 474 1122 στόματος
518 1052 624 1106 ἀλλ’
675 1056 730 1107 ἐκ
775 1053 954 1123 μέρους
999 1058 1384 1124 φλεγμαίνοντος
1428 1053 1486 1107 τὰ
1534 1054 1623 1122 μὲν
1671 1053 1795 1107 αὐτὰ

110 1139 405 1189 συντείνεται
444 1141 673 1204 μερικῶς,
720 1135 980 1204 ὄδυνῶδης
1020 1137 1074 1189 δὲ
1113 1133 1180 1199 ῶς
1216 1134 1340 1202 πρὸς
1383 1134 1473 1203 τὴν
1524 1133 1664 1203 ἁφὴν
1713 1137 1793 1188 ε’π-

107 1215 369 1280 ανάστασις
406 1215 669 1270 ὑποπίπτει
706 1219 789 1270 καὶ
826 1214 1135 1287 παρέγκλισις
1175 1220 1244 1279 εἰς
1281 1215 1339 1269 τὰ
1378 1217 1576 1269 ἐναντία
1614 1222 1680 1287 τῷ
1730 1220 1799 1269 δι-

108 1296 410 1370 ογκουμένῳ.
485 1296 538 1351 τὸ
579 1296 741 1360 δεξιὸν
779 1299 868 1366 μὲν
906 1297 998 1368 γὰρ
1039 1301 1342 1367 φλεγμαῖνον
1390 1297 1539 1366 με’ρος
1577 1295 1701 1366 πρὸς
1738 1296 1797 1350 τὰ

103 1377 327 1446 ἀριστερὰ
373 1381 603 1445 ε’κκλίνει,
648 1377 702 1431 τὸ
751 1380 804 1431 δὲ
851 1377 1104 1447 ἀριστερὸν
1149 1378 1273 1447 πρὸς
1318 1377 1375 1431 τὰ
1423 1377 1581 1445 δεξιά,
1636 1377 1688 1431 τὸ
1719 1378 1796 1431 δὲ
1821 1399 1863 1433 15

105 1458 236 1513 κάτω
275 1457 399 1528 πρὸς
436 1458 494 1512 τὰ
531 1459 636 1512 ἅνω
677 1457 812 1529 ῥέπει
851 1465 1051 1527 μᾶλλον,
1090 1458 1143 1514 τὸ
1183 1460 1237 1512 δὲ
1276 1459 1380 1512 ἅνω
1412 1458 1613 1512 πάντων
1643 1458 1795 1513 πλέον

104 1539 338 1594 ἆπονεύει
374 1539 498 1609 πρὸς
534 1539 633 1594 τὸν
660 1540 933 1595 δακτύλιον.

222 1628 304 1674 19.
360 1620 587 1689 ζητητέον
635 1622 690 1674 δὲ
734 1621 942 1690 πότερον
981 1620 1006 1676 ὅ
1045 1622 1200 1686 πόνος
1246 1621 1366 1675 κατὰ
1417 1627 1503 1675 τοῦ
1544 1620 1621 1674 ἐπ’
1666 1620 1795 1675 εὐθὺ

111 1701 289 1772 με’ρους
326 1707 539 1772 γίγνεται
575 1710 663 1756 τοῦ
703 1708 1086 1773 φλεγμαίνοντος
1123 1702 1155 1771 ἢ
1196 1706 1278 1757 καὶ
1315 1710 1414 1757 τῶν
1451 1701 1798 1770 ἀντικειμένων

106 1782 240 1852 παρὰ
277 1783 368 1851 τὴν
407 1783 671 1837 σύννευσιν
710 1788 923 1852 εἴληφεν.
999 1787 1083 1839 καὶ
1119 1791 1230 1838 τῶν
1270 1785 1374 1853 μὲν
1411 1784 1797 1853 προγενεστέ-
1821 1806 1865 1838 20

106 1887 224 1934 ρων
261 1865 418 1928 τινὲς
456 1864 541 1918 τὸν
582 1867 806 1920 ἐναντίον
843 1868 999 1933 φασὶν
1036 1865 1201 1936 ἀλγεῖν
1240 1870 1478 1934 βουβῶνα
1508 1867 1590 1918 καὶ
1622 1864 1796 1934 μηρόν,

106 1945 447 2013 Δημήτριος
498 1947 551 1999 δὲ
601 1945 626 2000 ὁ
663 1945 910 2014 Ἀπαμεὺς
947 1946 1033 2001 τὸν
1070 1946 1173 2000 κατ’
1218 1945 1360 2010 εὐθύ.
1408 1942 1502 2015 ’μὴ
1542 1944 1664 2013 εἶναι
1704 1945 1796 2015 γὰρ

105 2025 329 2079 πυθανὸν
367 2025 425 2078 τὰ
465 2027 555 2094 μὲν
596 2026 721 2095 πρὸς
757 2034 823 2101 τῷ
862 2032 1206 2098 φλεγμαίνοντι
1243 2026 1376 2096 μέρει
1414 2025 1481 2096 μὴ
1512 2035 1701 2094 πονεῖν,
1740 2026 1797 2080 τὰ

226 2205 252 2245 3
285 2203 521 2255 παραποδ.
557 2215 593 2246 c.
738 2197 766 2258 ἢ
799 2201 961 2258 (Aet.)·
993 2201 1074 2246 καὶ
1105 2216 1143 2246 c.
1281 2206 1308 2246 5
1342 2198 1662 2271 ἐπιγαστρίουε
1693 2214 1795 2245 ven-

105 2261 191 2305 tris
221 2274 295 2317 ap.
330 2260 406 2305 Or.
438 2260 519 2304 lat.
644 2265 669 2304 6
703 2277 748 2304 π.
782 2260 864 2304 καὶ
896 2263 1163 2316 συναίρησις
1194 2256 1404 2305 ὀδόντων
1436 2256 1647 2316 σπασμός
1679 2274 1703 2304 c
1736 2262 1795 2316 (et

103 2320 263 2364 inlisio
302 2319 504 2364 dentium
551 2324 592 2364 et
629 2321 878 2364 contractio
916 2333 1180 2373 nervorum,
1226 2321 1347 2377 quod
1383 2319 1550 2364 Graeci
1590 2332 1794 2375 spasmos

103 2381 268 2424 vocant
298 2378 422 2422 Cael.
447 2392 547 2448 ‚.uap
565 2377 692 2423 Orib.
718 2379 799 2423 lat.
821 2378 900 2431 VI,
918 2381 1038 2434 366).
1162 2354 1187 2423 8
1219 2380 1327 2436 post
1360 2382 1436 2435 φλ.
1468 2378 1628 2422 album
1658 2380 1794 2435 ἔσω.

105 2451 143 2483 c.
262 2440 372 2495 post
402 2433 547 2481 αυτοῦ
581 2438 783 2482 Aetiana
814 2452 838 2482 c
871 2438 933 2494 (ρ.
959 2442 1060 2492 284,
1086 2442 1200 2482 5-9
1232 2439 1308 2494 D).
1446 2442 1472 2482 9
1506 2432 1737 2481 δακτυλον
1771 2451 1795 2482 c

105 2497 237 2554 (corr.
270 2496 350 2567 Ε).
483 2501 537 2541 10
568 2499 677 2553 post
707 2495 852 2541 κτένα
883 2496 1083 2542 Aetiana
1114 2512 1138 2541 c
1172 2498 1234 2554 (p.
1260 2501 1362 2552 284,
1390 2500 1564 2540 12-14
1596 2495 1674 2552 D).

107 2560 160 2600 12
176 2552 391 2629 μερικόν
419 2557 611 2627 c)(cor1·.
636 2557 708 2612 D).
848 2551 1091 2627 ὀδυνώδης
1122 2557 1181 2600 Ε.
1214 2532 1430 2611 δυσώδης
1462 2570 1501 2600 c.
1646 2553 1698 2599 δε
1733 2551 1795 2605 ὡς

103 2611 220 2685 πρὸς
249 2631 308 2660 τ..
345 2612 398 2659 δε
432 2610 493 2665 ῶς
523 2631 561 2659 τ.
595 2629 632 2660 c.
757 2610 1097 2666 ε’παναστασεις
1128 2630 1165 2662 c.
1291 2620 1347 2659 14
1378 2611 1495 2671 πρὸς
1525 2611 1577 2658 τὸ
1611 2628 1794 2685 αριστε-

103 2669 215 2728 ρὸν.
268 2671 411 2729 ,πρὸς
440 2671 493 2718 τὸ
526 2673 736 2728 δεξιὸν..
757 2670 900 2745 ,πρὸς
930 2671 982 2718 τὸ
1000 2671 1115 2746 ,ἅνω
1150 2689 1174 2720 0
1207 2675 1340 2731 (cort.
1372 2674 1442 2730 E).
1568 2678 1621 2718 18
1654 2670 1792 2717 πότε-

107 2747 211 2787 ρονε
242 2730 473 2790 πρότερον
506 2747 543 2779 c.
666 2730 785 2777 κατὰ
819 2734 902 2778 τοῦ
935 2729 1014 2778 ἐπ’
1049 2730 1173 2779 ευθυ
1207 2733 1398 2804 μέρους.
1433 2727 1552 2776 κατὰ
1586 2732 1671 2776 τοῦ
1705 2747 1792 2775 απ-

107 2792 404 2862 ευθυσμένου
437 2806 460 2836 c
495 2788 616 2848 (κατ’
653 2788 779 2837 ευθύ
811 2792 883 2848 Ε)
1023 2797 1080 2838 20
1112 2809 1263 2850 παραε
1297 2791 1412 2849 πρὸς
1443 2806 1480 2836 c.
1619 2795 1675 2834 21
1710 2786 1793 2835 τὸν

105 2849 164 2893 E:
196 2846 248 2895 τὸ
283 2865 321 2896 c.
441 2846 603 2906 αλγεῖν
635 2851 692 2895 E:
726 2847 977 2908 ἄλγεῖσθαι
1012 2866 1048 2896 c.
