2014 3162
752 157 1114 210 -49-

91 293 342 344 reclusum
396 300 479 342 aut
529 293 764 342 callosum
810 292 1022 342 habeant
1069 298 1154 342 aut
1198 294 1526 358 praecedente
1574 296 1775 346 vulnere

92 368 325 417 cicatrice
362 366 606 416 duratum.

202 434 302 508 (8.)
343 455 513 489 omnes
553 455 671 505 ergo
710 439 798 489 has
837 438 1112 505 praedictas
1153 454 1325 489 causas
1361 440 1775 506 adprehendimus

90 514 166 564 his
218 515 385 579 signis,
463 515 506 563 si
561 516 693 563 enim
743 513 1033 563 naturaliter
1078 514 1130 562 in
1179 519 1338 563 totum
1383 529 1481 564 non
1521 522 1776 582 purgatur,

90 587 223 653 quod
263 602 380 637 sana
419 589 484 637 sit
522 594 573 638 et
611 590 718 637 sine
759 587 919 652 aliqua
960 586 1178 652 querella
1218 590 1441 653 corporis
1478 596 1527 638 et
1558 592 1777 639 matricis
1801 601 1822 633 5

88 663 217 710 vivat
263 668 314 711 et
351 676 621 727 numquam
671 662 822 711 fuerit
859 669 1080 726 purgata.
1159 677 1283 726 quae
1322 677 1440 711 vero
1481 669 1638 712 aetate
1679 679 1777 713 non

91 741 368 800 purgantur
407 750 531 785 anus
571 743 621 784 et
650 734 858 801 puellae,
898 750 1012 784 cum
1043 736 1373 800 interrogatae
1406 735 1591 786 fuerint
1622 752 1776 786 annos

88 823 206 858 suos
248 808 538 875 simpliciter
577 809 803 858 confiteri
834 815 1057 874 possunt.
1119 809 1384 859 valitudine
1417 812 1636 860 universi
1668 826 1774 860 cor-

85 883 223 948 poris
264 884 342 932 sui
381 889 431 932 et
469 899 495 932 a
535 883 740 932 medicis
779 883 1023 932 videntur.
1101 884 1144 932 si
1182 899 1300 932 vero
1340 885 1517 933 matrix
1547 883 1777 934 habuerit

90 955 244 1005 locale
267 957 676 1023 inpedimentum,
701 956 760 1006 ab
794 956 1061 1006 obstetrice
1094 958 1346 1022 inspectae
1381 973 1493 1007 cum
1525 959 1775 1008 invenitur
1800 970 1844 1001 10

89 1029 222 1095 quod
271 1030 352 1079 illa
397 1033 690 1096 purgatione
731 1046 855 1095 quae
897 1045 1094 1096 semper
1137 1031 1299 1081 fuerat
1337 1046 1436 1080 non
1484 1039 1777 1099 purgantur,

87 1118 149 1153 ex
187 1119 247 1152 eo
287 1103 501 1154 valitudo
542 1107 775 1154 occurrit.

201 1172 301 1246 (9.)
356 1177 462 1228 illas
515 1194 634 1228 vero
683 1193 808 1243 quae
856 1178 1148 1228 naturaliter
1194 1178 1270 1228 vel
1317 1186 1474 1228 aetate
1521 1195 1620 1228 non
1659 1195 1775 1245 pur-

85 1257 286 1318 gantur,
339 1267 439 1301 non
479 1259 677 1318 oportet
715 1267 906 1314 curare,
945 1268 1008 1302 ne
1049 1260 1220 1302 contra
1259 1260 1485 1302 naturam
1525 1254 1774 1304 faciamus

88 1325 175 1374 sed
214 1340 377 1391 neque
417 1325 523 1375 illas
564 1341 688 1391 quae
728 1333 814 1375 aut
852 1327 1102 1376 exercitiis
1138 1333 1223 1376 aut
1255 1326 1497 1376 cantilena
1528 1342 1627 1377 non
1659 1343 1775 1392 pur·
1800 1337 1842 1370 15

83 1405 277 1463 gantur.
352 1399 448 1449 illis
502 1415 618 1448 vero
674 1415 800 1464 quae
855 1415 967 1450 cum
1018 1400 1284 1450 valitudine
1335 1415 1434 1450 non
1486 1410 1775 1468 purgantur,

85 1479 435 1538 conpetentem
476 1473 778 1539 diligentiam
817 1473 1129 1539 passionibus
1161 1489 1331 1524 earum
1363 1473 1666 1525 adhibemus,
1725 1472 1775 1524 vsi

86 1548 220 1595 enim
258 1546 543 1596 membrano
577 1546 771 1597 clusum
810 1548 961 1597 fuerit
999 1549 1258 1614 orificium,
1303 1548 1353 1597 id
1392 1550 1656 1614 aperimus.
1733 1550 1775 1598 si

84 1634 202 1668 vero
253 1620 414 1685 aliqua
462 1636 544 1670 res
595 1621 751 1670 aliena
798 1620 867 1670 ibi
906 1622 1056 1671 fuerit
1094 1623 1315 1687 inventa,
1361 1622 1584 1689 tollatur,
1631 1622 1774 1672 callo-

84 1694 203 1743 sitas
257 1695 404 1743 etiam
462 1695 855 1762 conmalaxetur,
918 1696 1115 1745 fervura
1173 1695 1413 1763 solvatur,
1478 1697 1683 1745 cicatrix
1722 1699 1773 1746 in
1798 1709 1840 1740 20

86 1774 326 1831 quantum
358 1775 524 1833 potest
554 1776 806 1818 tenuetur.
849 1769 1074 1834 fatigatas
1105 1785 1222 1818 vero
1254 1777 1304 1819 et
1335 1777 1512 1819 tenues
1535 1785 1774 1835 resumeS‚

84 1840 294 1891 multum
341 1843 551 1907 pingues
599 1850 647 1892 et
695 1857 884 1892 crassas
933 1842 1236 1893 extenuabis,
1324 1843 1499 1893 harum
1554 1846 1774 1893 omnium

85 1915 451 1979 praedictarum
491 1915 814 1966 valitudinum
855 1923 905 1966 et
944 1919 1081 1982 signa
1121 1925 1170 1966 et
1210 1933 1355 1967 curas
1385 1919 1434 1966 in
1469 1916 1773 1982 subsequen-

201 2105 228 2145 2
262 2102 482 2147 duratum
512 2103 562 2147 h:
595 2102 792 2147 ducatur
823 2103 888 2147 bl.
1011 2107 1038 2147 8
1070 2103 1321 2148 valitudini
1353 2104 1379 2147 b
1412 2104 1509 2160 (-ne
1542 2105 1571 2157 l,
1605 2104 1772 2148 valitu-

0 2147 1 2184 ἕ
84 2158 262 2204 dinarie
295 2162 356 2218 h).
501 2161 709 2218 corporis
742 2162 811 2206 sui
844 2162 882 2206 δι
914 2177 941 2206 a.
972 2162 1166 2207 medicis
1199 2163 1247 2207 b:
1281 2162 1489 2219 corporis
1523 2163 1595 2206 sui
1626 2163 1772 2207 modi-

85 2218 214 2263 cibus
248 2221 364 2277 (sic).
398 2220 480 2265 &a
510 2220 704 2265 medicis
738 2222 766 2277 l,
802 2222 1007 2278 corporis
1039 2236 1068 2265 a
1098 2222 1292 2266 medicis
1324 2223 1365 2265 h.
1476 2226 1531 2265 10
1563 2222 1772 2278 inspecte

85 2277 186 2335 (sic)
211 2279 316 2323 blh.
441 2293 545 2323 cum
576 2279 813 2324 invenitur
845 2281 870 2324 b
904 2282 1061 2337 (causa
1090 2281 1326 2325 invenitur
1355 2281 1420 2337 h):
1457 2285 1514 2325 cu
1544 2281 1774 2325 invenerit

83 2337 114 2381 ἶ.
261 2343 313 2382 11
346 2338 625 2395 purgatione
658 2340 694 2384 l:
726 2339 952 2396 purgacio
986 2340 1062 2384 bh.
1184 2339 1326 2384 fuerit
1358 2340 1528 2395 (fuerat
1558 2341 1604 2397 h)
1639 2353 1694 2384 ex
1719 2354 1772 2384 eo

85 2395 295 2441 valitudo
330 2397 532 2442 occurrit
562 2413 655 2443 non
687 2401 947 2456 purgantur
987 2399 1012 2443 b
1031 2400 1116 2456 (h):
1164 2398 1306 2443 fuerit
1333 2404 1366 2443 fi
1394 2402 1667 2456 purgantur.
1718 2413 1773 2442 ex

84 2454 198 2499 eade
229 2470 327 2500 rem
358 2456 571 2501 valitudo
604 2458 671 2501 eis
704 2457 908 2502 occurrit
938 2459 966 2503 l.
1150 2464 1206 2502 14
1238 2460 1426 2515 oportet
1455 2459 1504 2502 h:
1554 2471 1714 2502 omnes
1746 2458 1772 2501 b

85 2514 297 2570 (possent
327 2517 374 2573 l).
532 2521 585 2560 15
621 2517 701 2561 sed
732 2518 781 2561 h:
822 2517 861 2562 ἃ,
891 2518 956 2562 bl.
1113 2523 1166 2563 16
1197 2517 1304 2562 illas
1336 2518 1402 2562 bh
1435 2516 1560 2573 (illas
1586 2543 1641 2549 -
1666 2532 1772 2574 pur-

85 2589 256 2643 gantur
287 2603 372 2633 om.
404 2590 452 2646 Z).
574 2594 631 2634 cii
663 2591 712 2635 b:
744 2604 827 2636 om.
852 2592 894 2635 h.
1019 2597 1072 2636 17
1107 2592 1357 2647 conpetent
1389 2592 1413 2635 b
1456 2591 1589 2647 (-tem
1620 2591 1662 2645 h,
1696 2590 1796 2649 -ti-¹

83 2644 171 2690 bus
202 2647 250 2703 l).
386 2654 440 2693 18
473 2649 521 2692 id
552 2649 786 2705 aperimus
818 2651 865 2695 b:
899 2650 1192 2708 adaperimus
1225 2651 1263 2705 l,
1294 2650 1343 2693 id
1375 2650 1639 2706 adperimus
1670 2650 1711 2693 h.

87 2707 141 2748 19
174 2706 435 2752 callositate
468 2708 519 2752 bl
552 2709 686 2765 (-tem
716 2709 780 2763 h).
902 2714 959 2754 20
991 2711 1324 2754 connmaxetur
1349 2710 1389 2765 b,
1423 2713 1479 2753 cu
1511 2709 1772 2751 malaxetur

85 2762 103 2806 l
134 2763 179 2819 (E
210 2767 442 2811 mactetur
471 2768 524 2812 in
553 2781 696 2824 mary.
730 2769 807 2825 ΖΟ),
853 2770 1247 2813 commalaxamus
1279 2769 1319 2812 h.
1502 2767 1687 2810 ferbura
1720 2767 1771 2810 bl

86 2820 336 2877 (fervuram
366 2826 427 2882 h).
564 2826 782 2872 cicatrice
814 2828 879 2874 bl.
1009 2833 1064 2872 22
1097 2841 1284 2884 grassas
1316 2827 1342 2871 b
1361 2827 1428 2883 (l).
1549 2827 1770 2870 extenuas

86 2879 151 2923 bl.
274 2888 328 2927 23
359 2883 673 2929 valitudinum
701 2887 751 2930 h:
787 2901 885 2931 ·nes
917 2888 980 2933 bl.
1102 2887 1151 2930 in
1183 2888 1219 2930 I:
1252 2886 1290 2929 ὅσ
1321 2886 1368 2941 b,
1402 2886 1450 2929 et
1479 2884 1527 2927 in
1557 2885 1598 2928 h.

180 2962 228 2995 So
231 2973 357 3007 tttttt
380 2966 427 2997 ed
462 2967 574 2999 Rose.
1477 2962 1504 2999 4
