2014 3162
895 121 1255 174 ..78-

340 255 390 306 4.
447 256 579 314 Quot
618 261 735 305 sunt
773 257 905 304 enim
946 261 995 304 et
1027 270 1152 320 quae
1193 253 1439 304 schemata
1480 254 1660 320 quibus
1698 255 1912 305 infantes

229 326 542 380 nascuntur?
625 354 632 358 ·

341 403 586 468 generalia
641 402 841 467 quidem
892 408 1126 467 quattuor
1171 401 1265 450 hoc
1314 409 1390 450 est
1433 402 1485 450 in
1533 403 1692 467 capite
1738 401 1815 451 vel
1861 403 1914 452 in

228 477 439 542 pedibus
496 476 572 525 vel
610 478 661 525 in
702 476 930 525 divexum
970 477 1135 524 iacens
1175 480 1260 523 aut
1298 473 1591 538 duplicatus,
1683 474 1913 539 specialia

185 560 206 593 5
230 557 394 600 autem
434 550 682 600 schemata
720 549 932 614 plurima
971 549 1305 596 inveniuntur.

340 624 421 673 ille
462 625 594 673 enim
627 624 714 687 qui
744 624 795 671 in
828 623 987 686 capite
1025 621 1199 681 fertur,
1238 620 1496 685 aliquando
1530 621 1732 685 quidem
1763 629 1912 686 caput

227 698 279 746 in
319 697 505 746 orificio
546 697 765 746 matricis
804 695 967 761 habet,
1006 694 1252 758 reliquum
1291 700 1458 744 autem
1496 709 1679 759 corpus
1718 701 1913 745 contor-

227 777 348 837 tum,
387 770 647 835 aliquando
686 771 738 818 in
777 770 936 833 capite
977 767 1174 833 quidem
1207 767 1516 818 descendens
1548 775 1633 818 aut
1663 770 1715 816 in
1745 770 1914 832 priore

226 844 287 893 ab
327 844 516 892 orificio
557 851 640 892 aut
679 850 957 892 retrorsum
995 848 1143 905 caput
1181 842 1340 906 infigit
1377 848 1462 891 aut
1499 843 1552 890 in
1591 842 1821 892 divexum
1860 858 1914 894 se

162 928 204 960 10
227 919 418 981 proicit.
487 923 538 966 et
591 916 850 981 aliquando
899 930 1011 964 cum
1051 917 1285 964 strictura
1324 915 1444 965 haec
1485 915 1732 965 schemata
1770 917 1911 984 fiunt,

227 990 487 1055 aliquando
521 991 627 1039 sine
661 991 908 1039 strictura.
971 1004 1026 1038 ac
1059 988 1320 1054 aliquando
1353 990 1501 1038 etiam
1532 1004 1679 1038 unam
1711 1004 1911 1039 manum

226 1064 348 1113 foris
393 1065 604 1128 porrigit
648 1063 726 1111 vel
772 1069 1032 1129 utrasque,
1078 1065 1146 1112 ita
1192 1069 1249 1112 ut
1293 1064 1428 1112 intus
1477 1064 1661 1112 iunctis
1700 1063 1910 1127 pedibus

227 1138 505 1187 inveniatur
545 1137 620 1186 vel
659 1139 806 1186 etiam
845 1139 966 1202 ipsis
1005 1135 1304 1200 patentibus,

337 1211 430 1260 alio
469 1226 586 1260 vero
619 1210 881 1275 schemate,
921 1210 1053 1274 quod
1092 1212 1142 1259 in
1174 1209 1383 1275 pedibus
1415 1209 1612 1276 dicitur,
1651 1210 1910 1274 aliquando

161 1297 202 1331 15
226 1284 482 1334 descendit
530 1286 598 1332 ita
652 1291 708 1333 ut
760 1286 812 1332 in
866 1284 1110 1333 directum
1164 1285 1217 1332 in
1263 1284 1450 1332 orificio
1497 1284 1718 1333 matricis
1756 1284 1909 1348 pedes

224 1357 402 1407 habeat
453 1364 618 1407 rectos
673 1372 948 1423 manusque
1002 1356 1240 1406 lateribus
1289 1359 1506 1423 iunctaS,
1552 1357 1812 1421 aliquando
1857 1360 1909 1407 in

223 1433 389 1496 priore
454 1437 593 1496 parte
662 1431 739 1480 vel
803 1438 1079 1480 retrorsum
1150 1430 1210 1479 ab
1272 1431 1461 1480 orificio
1515 1430 1667 1495 pedes
1727 1431 1911 1498 infigat,

226 1505 356 1569 quod
382 1511 431 1553 et
453 1507 618 1569 ipsum
643 1504 902 1569 aliquando
936 1519 1050 1553 cum
1075 1506 1324 1570 strictura,
1347 1503 1609 1569 aliquando
1634 1506 1741 1554 sine
1766 1507 1908 1555 stric-

225 1585 336 1627 tura
376 1579 485 1627 fieri
524 1577 663 1643 solet,
703 1578 962 1642 aliquando
1002 1593 1157 1626 unum
1197 1577 1374 1642 pedem
1404 1577 1482 1627 vel
1512 1584 1754 1642 utrosque
1786 1578 1907 1628 foris

159 1664 203 1696 20
226 1653 432 1717 emittat,
478 1650 705 1700 manibus
745 1651 934 1700 scilicet
973 1666 1120 1715 supra
1161 1658 1310 1715 caput
1348 1653 1604 1717 contortiS‚
1650 1652 1910 1716 aliquando
1986 1695 1988 1706 ζ

225 1726 371 1773 etiam
419 1725 587 1773 divisis
633 1723 843 1789 pedibus
890 1723 1084 1773 duabus
1123 1723 1346 1789 partibus
1385 1726 1605 1774 matricis
1645 1727 1909 1790 separatim
1967 1752 1971 1753 ν

223 1798 407 1863 infigat.

346 1959 368 1997 1
403 1955 519 2010 quot
547 1955 589 2010 h,
622 1953 750 2007 Quae
783 1956 840 2010 (et
869 1954 1031 1999 deinde
1062 1953 1125 2010 ᾧ)
1159 1954 1198 1998 b.
1320 1954 1445 2004 enim
1476 1957 1525 1999 et·
1556 1968 1675 2010 quae
1707 1967 1791 2000 om.
1815 1955 1842 1999 Z.
1903 1951 1907 1954 ’

223 2013 430 2058 scemata.
459 2014 501 2068 h,
534 2015 602 2058 —te
635 2015 675 2068 b,
708 2014 799 2057 -tes
833 2014 861 2057 Z.
983 2013 1150 2069 quibus
1184 2013 1218 2056 Z:
1251 2026 1334 2057 om.
1368 2014 1394 2057 b
1426 2013 1678 2070 (infantum
1710 2027 1902 2059 nascen-

222 2071 346 2116 cium
376 2073 437 2128 h).
560 2077 586 2116 3
617 2072 856 2129 generalia.
887 2072 958 2116 lhz
991 2071 1271 2128 generaliter
1301 2073 1363 2128 (q.
1395 2087 1438 2128 q.
1471 2086 1644 2129 genera.
1672 2073 1739 2117 sic
1770 2073 1828 2128 b).

220 2132 312 2175 hoc
343 2131 415 2175 est
445 2131 491 2175 b:
525 2132 632 2175 sunt
661 2130 712 2174 id
742 2132 814 2175 est.
845 2131 873 2185 l,
906 2143 988 2175 om.
1021 2131 1062 2174 h.
1183 2131 1260 2174 vel
1291 2131 1359 2186 (in
1389 2130 1515 2188 ped.)
1546 2132 1595 2175 h:
1629 2145 1712 2177 om.
1745 2132 1812 2176 bl.

221 2194 250 2233 4
280 2189 499 2234 divexum
531 2191 571 2245 b,
603 2189 821 2234 devixum
853 2191 888 2233 Z:
922 2189 1122 2233 divisum
1152 2190 1194 2234 h.
1315 2190 1390 2233 vel
1420 2190 1470 2234 in
1502 2190 1790 2246 duplicatum
1819 2191 1863 2237 h.

223 2254 249 2293 6
282 2249 473 2305 quidem
504 2250 576 2293 bl:
608 2251 788 2293 rectum
819 2247 1006 2304 quidem
1036 2249 1077 2291 h.
1217 2253 1241 2291 7
1274 2248 1501 2292 orificium
1533 2250 1632 2294 blh.
1755 2253 1782 2294 8
1814 2249 1898 2294 ali-

222 2307 407 2363 quando
438 2309 486 2351 h:
518 2321 602 2352 om.
635 2308 698 2352 bl.
822 2312 848 2351 9
879 2307 1045 2363 infigat
1076 2307 1130 2350 bl
1161 2306 1238 2362 (-it
1267 2308 1327 2361 h).
1451 2313 1506 2352 10
1538 2309 1740 2353 scemate
1770 2309 1810 2353 b

224 2370 275 2409 11
308 2366 399 2410 hac
432 2367 515 2422 (sie
545 2367 587 2420 b,
618 2379 700 2412 om.
732 2366 778 2422 h)
811 2365 1061 2421 aliquando
1095 2363 1238 2409 etiam
1270 2367 1353 2410 bh.
1386 2369 1468 2411 aut
1499 2368 1526 2410 Ζ.
1678 2381 1772 2412 una.
1800 2381 1898 2412 ma.-

219 2439 306 2468 nus
337 2426 364 2469 Ζ.
503 2430 557 2468 12
588 2425 702 2470 foris
734 2426 805 2469 bl.
838 2424 962 2468 foras
993 2426 1034 2469 h
1177 2424 1254 2467 vel
1283 2425 1505 2482 utrasque
1535 2426 1606 2470 ita
1635 2428 1688 2470 ut
1717 2427 1746 2470 h
1778 2425 1898 2483 (Sor.

219 2486 335 2537 271,
359 2484 427 2540 7):
473 2484 654 2540 reliqua
683 2497 791 2540 pars
824 2484 887 2528 bl.
1069 2486 1126 2526 14
1166 2481 1294 2526 aliud
1324 2498 1366 2528 v.
1401 2487 1605 2529 scemate
1639 2486 1726 2544 (ὡς
1759 2486 1791 2539 Ζ)
1823 2486 1900 2529 bl:

221 2542 350 2586 aliud
379 2556 489 2587 vero
522 2556 677 2587 scema.
707 2544 748 2586 h.
878 2541 1048 2586 dicitur
1077 2543 1126 2585 h·
1159 2554 1241 2586 om.
1276 2543 1340 2586 bl
1462 2543 1521 2588 al.
1554 2543 1623 2587 ita.
1653 2543 1896 2587 descendit
1976 2551 1979 2554 ’

219 2602 263 2656 h,
293 2601 353 2646 al.
387 2601 670 2646 descendens
700 2601 768 2644 ita.
799 2601 863 2646 bz.
988 2604 1043 2644 15
1076 2602 1125 2643 in
1158 2602 1280 2656 (ante
1310 2600 1506 2658 orificiu)
1538 2603 1574 2645 Z:
1615 2615 1698 2646 om.
1731 2602 1808 2646 bh.

221 2664 277 2704 16
307 2662 458 2705 rectos
493 2662 585 2718 (·us
617 2662 661 2717 b)
679 2661 751 2704 bl:
785 2661 1068 2715 compositos
1101 2659 1149 2703 et
1180 2672 1345 2715 corpus
1376 2652 1552 2705 habeat
1582 2662 1763 2705 rectum
1793 2662 1833 2705 h.

223 2723 278 2763 18
310 2719 645 2775 quod—solet
675 2732 758 2763 om.
791 2720 818 2763 Ζ.
923 2718 1098 2774 ipsum:
1131 2717 1234 2773 ipsa.
1265 2719 1304 2773 b,
1335 2719 1473 2775 ipsud
1502 2720 1543 2763 h.
1643 2719 1894 2775 aliquando
1947 2741 1980 2763 ψ

221 2777 319 2822 sine
351 2780 428 2824 etr.
462 2791 544 2822 om.
577 2779 620 2823 h.
766 2782 820 2822 19
861 2777 1003 2822 etiam
1035 2778 1158 2833 (ante
1187 2780 1348 2831 unum)
1381 2779 1486 2824 add.
1521 2778 1545 2822 b
1579 2779 1690 2834 (non
1722 2779 1804 2835 lh).

220 2837 331 2881 foris
365 2838 435 2882 bl:
468 2838 590 2882 foras
621 2838 662 2882 h.
801 2841 858 2880 20
890 2837 1079 2880 emittat
1110 2836 1181 2879 lh:
1215 2836 1436 2881 admittat
1467 2837 1504 2881 b.
1628 2842 1682 2881 21
1717 2836 1893 2881 duabus
