2014 3162
872 78 1234 130 „88-

324 211 409 262 23.
461 213 513 262 Si
553 211 831 277 duplicatus
871 212 1036 279 fuerit,
1076 213 1194 277 quid
1235 211 1512 264 faciemus?

323 286 430 336 volo
472 286 665 336 duobus
706 287 862 336 modis
894 302 1048 352 pecus
1080 288 1130 335 in
1164 286 1307 335 vulva
1339 287 1593 352 duplicari.
1648 286 1905 352 [quotiens
1960 304 1963 319 ν’

214 362 346 409 enim
399 362 587 410 naticas
635 362 742 409 eius
801 362 851 409 in
898 361 1086 410 orificio
1137 359 1307 408 vulvae
1361 362 1660 427 invenimUS‚
1715 377 1774 410 ex
1829 364 1902 411 in·

214 434 385 483 feriori
437 441 578 498 parte
634 435 719 483 fiet
773 434 1053 498 duplicatio.
1147 434 1377 497 quotiens
1432 441 1596 484 autem
1651 443 1799 500 caput
1853 442 1904 485 et

170 519 189 551 5
213 507 407 571 plantae
454 511 504 556 in
555 508 743 556 orificio
790 509 1133 572 inveniuntur,
1181 521 1240 554 ex
1281 508 1623 571 superioribus
1662 508 1788 558 sacta
1827 515 1903 558 est

213 581 495 646 duplicatio,
573 588 622 630 et
659 587 824 646 potest
863 581 1105 630 obstetrix
1143 582 1211 629 ita
1246 582 1497 646 corrigere
1540 588 1596 631 ut
1627 581 1806 646 plantis
1850 584 1904 631 in

215 670 386 704 susum
433 656 674 704 revocatis
727 659 776 702 et
814 654 1025 718 pedibus
1065 655 1304 704 correctis
1344 662 1492 719 caput
1528 656 1610 705 hic
1649 661 1816 705 teneat
1855 661 1910 704 et
1972 694 1976 699 .

214 731 286 777 sic
325 729 566 777 infantem
606 729 737 777 foras
779 727 1027 791 adducat]

844 854 982 911 (xiii.
1015 854 1270 911 PARTVs)

326 977 410 1029 24.
454 979 505 1028 Si
543 981 594 1028 in
635 979 863 1028 divexum
902 981 1042 1044 iacet,
1084 978 1204 1043 quid
1243 979 1406 1028 facere
1449 976 1685 1043 oportet?

149 1066 191 1098 10
327 1055 369 1102 si
417 1054 626 1118 supinus
674 1052 750 1101 vel
797 1051 855 1100 ad
896 1052 1070 1101 dentes
1111 1059 1210 1117 est,
1258 1052 1437 1102 leniter
1475 1054 1696 1101 inmissis
1736 1053 1904 1117 digitis

213 1129 265 1176 in
304 1127 433 1176 latus
473 1142 585 1176 eum
627 1132 901 1191 convertat,
953 1132 1009 1175 ut
1055 1133 1257 1190 accepto
1312 1128 1469 1191 spatio
1525 1142 1725 1176 manum
1765 1140 1908 1176 suam·

214 1201 456 1250 obstetrix
495 1202 693 1249 mittere
732 1201 903 1266 possit,
943 1206 999 1248 ut
1039 1215 1151 1249 eum
1191 1199 1418 1248 facillime
1454 1202 1506 1248 in
1536 1202 1730 1265 integro
1764 1200 1903 1249 sche-

212 1282 341 1324 mate
375 1280 620 1339 conponat
651 1280 701 1322 et
734 1289 1072 1338 quascumque
1104 1279 1272 1338 partes
1300 1275 1550 1338 proximas
1575 1274 1635 1324 ad
1661 1275 1906 1324 orificium

211 1348 464 1413 habuerit,
518 1349 650 1412 ipsas
701 1354 868 1396 teneat
908 1354 958 1396 et
997 1350 1068 1396 sic
1108 1347 1331 1397 adducat.
1408 1349 1477 1397 ita
1515 1356 1680 1397 tamen
1711 1354 1767 1397 ut
1805 1363 1905 1397 ma-

147 1435 188 1468 15
212 1424 342 1470 xime
391 1428 539 1487 caput
589 1421 790 1471 infantis
832 1428 1036 1486 quaerat
1076 1428 1125 1471 et
1162 1423 1326 1485 ipsum
1366 1428 1545 1471 teneat.
1623 1423 1666 1470 si
1705 1421 1907 1486 quidem

336 1569 359 1607 1
395 1563 622 1616 Quociens
655 1562 698 1607 si
728 1562 770 1606 d.
804 1562 835 1606 f.
868 1564 910 1607 h.
1035 1562 1222 1618 {Scias
1253 1563 1362 1608 volo
1394 1564 1437 1608 d.
1470 1579 1531 1609 m.
1563 1564 1606 1608 h.
1752 1562 1906 1622 dupli-

217 1622 341 1668 cari.
391 1625 490 1678 ,(8)
522 1622 726 1666 adducat
755 1621 807 1665 h.
839 1621 1079 1678 displicari
1106 1626 1112 1676 Ι
1141 1625 1189 1666 et
1220 1623 1516 1679 conpositum
1548 1622 1671 1667 sicut
1701 1621 1798 1667 dixi
1830 1639 1903 1667 su-

214 1681 370 1738 perius
403 1680 691 1748 adprehenso
725 1681 878 1747 capite
908 1681 1020 1725 foris
1052 1681 1257 1725 adducat
1289 1681 1476 1749 (adduci
1509 1683 1553 1736 Ζ).
1591 1680 1730 1726 CLXI
1764 1681 1902 1738 (CLX

215 1742 248 1797 Ζ)
311 1740 360 1784 Si
398 1739 577 1784 naticas
618 1740 716 1783 eius
753 1739 804 1782 in
844 1739 1071 1784 orificium
1102 1740 1270 1783 vulvae
1300 1740 1562 1784 invenimus
1595 1741 1838 1797 (merimus
1870 1743 1905 1798 Ζ)

215 1798 328 1855 quid
375 1798 600 1843 faciemus
646 1799 722 1843 vel
767 1798 876 1842 inde
924 1797 1063 1854 (unde
1097 1800 1130 1856 Ζ)
1173 1798 1227 1842 fit
1273 1798 1392 1855 (ipsa
1424 1801 1530 1844 add.
1564 1801 1597 1856 Z)
1645 1799 1904 1856 duplicatio

218 1859 336 1903 scias
376 1858 567 1914 quidem
606 1872 661 1902 ex
699 1857 1013 1913 superioribus
1053 1857 1180 1902 facta.
1210 1871 1309 1901 esse
1341 1858 1597 1915 duplicatio
1630 1858 1773 1915 (dupl.
1831 1859 1903 1902 Ex

215 1931 316 1974 sup.
350 1918 538 1972 quidem
570 1915 782 1973 partibus
813 1917 844 1960 f.
870 1931 907 1962 e.
935 1917 1192 1961 dublicatio
1223 1915 1328 1972 ipsa
1360 1918 1393 1973 Ζ)
1427 1918 1508 1961 sed
1538 1918 1730 1962 inmissa
1759 1932 1913 1963 manu·

215 1978 306 2032 (·us
339 1976 545 2020 obsetrix
568 1976 673 2020 add.
700 1976 733 2032 Ζ)
766 1977 1017 2019 retrorsum
1049 1976 1277 2020 infantem
1307 1977 1508 2032 repellat
1539 1978 1664 2033 (retr.
1692 1991 1799 2021 eum
1828 1991 1900 2021 re-

213 2038 351 2079 vocet
382 2036 413 2090 Ζ)
463 2035 511 2078 et
552 2034 728 2090 plantis
771 2033 820 2077 in
862 2033 1089 2078 orificium
1133 2036 1351 2079 correctis
1398 2036 1522 2092 (eum
1554 2036 1614 2080 ad
1645 2049 1692 2080 se
1724 2037 1829 2081 add.
1863 2037 1897 2093 l)

213 2093 417 2138 adducat
459 2095 511 2138 bl
553 2094 679 2149 (haec
720 2097 773 2136 ut
814 2095 973 2137 vacuis
1014 2095 1134 2137 inter
1175 2095 1349 2149 formas
1390 2095 1593 2151 depictas
1631 2096 1797 2150 spatiis
1826 2096 1899 2139 in-

213 2154 388 2209 scripta
417 2157 460 2196 et
489 2153 679 2197 disiecta
709 2153 775 2196 sic
804 2166 930 2197 nunc
953 2157 1172 2208 prostant
1200 2154 1416 2197 mutilata
1447 2155 1499 2196 in
1538 2155 1613 2208 bl,
1659 2155 1903 2210 artificiose

213 2216 266 2255 ut
295 2213 475 2256 videtwr
505 2213 718 2255 ‘restituta
747 2212 801 2254 in
830 2212 889 2268 h).
931 2213 1054 2255 solus
1077 2213 1238 2256 deinde
1262 2213 1278 2255 Ζ
1301 2213 1456 2256 addit:
1489 2188 1628 2256 CLXI
1661 2212 1710 2256 Si
1739 2213 1906 2270 planta

215 2273 264 2315 et
295 2273 436 2335 caput
466 2269 516 2314 in
545 2285 690 2314 unum
721 2270 896 2314 habeat
926 2270 1123 2316 iunctas.
1163 2271 1376 2315 iubemus
1408 2272 1462 2314 ut
1492 2271 1635 2315 simili
1657 2272 1797 2317 modo
1821 2286 1903 2329 pe—

215 2343 295 2373 cus
327 2343 378 2372 111
407 2330 551 2372 vulva
583 2328 835 2386 displicari.
899 2333 946 2373 et
980 2330 1271 2386 conpositum
1303 2329 1423 2374 sicut
1454 2330 1550 2374 dixi
1581 2331 1791 2387 superius
1822 2332 1903 2375 ad-

213 2388 445 2445 prehenso
485 2387 639 2444 capite
678 2389 791 2432 foris
831 2388 1090 2432 adducatur
1130 2390 1219 2445 (sic
1257 2390 1421 2433 iterum
1459 2393 1512 2432 ut
1551 2402 1696 2445 supra
1747 2404 1788 2434 v.
1835 2392 1901 2446 2).

214 2448 410 2502 confusa
439 2448 550 2491 haec
580 2449 736 2491 omnia
766 2461 882 2503 quae
910 2460 1006 2492 non
1037 2449 1251 2514 expedias
1284 2448 1398 2503 (dzff.
1427 2447 1528 2492 Sor.
1550 2462 1598 2503 p
1616 2452 1730 2502 285,
1748 2450 1903 2506 3-8).

305 2510 331 2550 9
367 2506 415 2549 Si
446 2506 495 2549 in
526 2505 678 2549 divisit
707 2506 845 2550 iacet.
878 2507 955 2550 vel
986 2506 1025 2550 si
1057 2506 1262 2563 supinus.
1293 2506 1411 2550 aut
1397 2521 1446 2550 m
1470 2506 1623 2551 dentis
1648 2522 1690 2562 q.
1715 2482 1746 2551 1.
1773 2520 1833 2564 op
1837 2509 1901 2552 ..Ζ

304 2566 423 2608 hanc
454 2578 526 2621 qu.
562 2568 625 2610 24
648 2569 757 2620 post
789 2567 853 2610 25
882 2566 1015 2609 habet
1045 2566 1089 2619 h,
1121 2579 1204 2610 om.
1230 2567 1268 2610 b.
1393 2570 1448 2610 10
1480 2564 1652 2610 leniter
1682 2523 1900 2623 (πρᾴως)ε

214 2623 383 2668 leviter
416 2624 470 2667 lh
501 2622 724 2678 (obsetrix
754 2623 783 2667 i.
818 2625 862 2667 d.
895 2625 1002 2668 add.
1036 2625 1084 2680 Ζ).
1219 2629 1272 2668 12
1304 2623 1488 2682 integro
1521 2626 1723 2668 scemate
1756 2626 1771 2668 Ζ
1802 2626 1903 2681 (ad-

215 2683 319 2727 didi
347 2681 435 2738 in):
479 2682 542 2726 ad
573 2682 807 2739 integrum
840 2695 995 2726 scema
1025 2684 1066 2726 h.
1192 2687 1245 2728 13
1279 2697 1568 2742 quecumque
1600 2684 1628 2726 Ζ.
1750 2684 1899 2740 proxi-

215 2741 384 2786 miores
418 2739 592 2786 orificio
624 2742 670 2784 h.
702 2742 744 2784 h.
870 2745 925 2784 14
955 2741 1082 2798 ipsas
1115 2743 1151 2786 Ζ·
1184 2743 1371 2812 easdem
1402 2743 1443 2786 h.
1566 2741 1632 2786 sic
1663 2755 1746 2788 om.
1777 2743 1819 2786 h.

215 2802 269 2844 ut
300 2802 456 2857 (max.)
489 2801 530 2844 Z:
563 2800 640 2843 vel
670 2799 716 2843 h.
