2014 3162
745 124 1145 176 —207—

393 289 466 337 XI
528 289 606 337 Εἰ
641 282 874 353 ὑγιεινή
914 287 1071 339 ἐστιν
1108 284 1140 354 ἡ
1182 285 1487 355 σύλληψις.

213 409 299 457 42.
355 403 548 456 ’Ἐνιοι
602 401 691 470 τὴν
746 402 991 471 σύλληψιν
1045 402 1269 474 ὑγιεινὴν
1325 403 1449 458 εἶναι
1502 410 1785 473 νομίζουσιν

96 484 168 539 ’ὅτι
206 491 308 538 πᾶν
347 483 563 552 φυσικὸν
602 487 747 554 ἔργον
780 482 1028 552 ὠφέλιμόν
1060 486 1172 551 ἐστι,
1212 484 1428 552 φυσικὸν
1460 486 1514 538 δὲ
1545 487 1784 554 ἐνέργημα

95 567 178 620 καὶ
215 564 248 635 ἡ
286 565 540 634 σύλληψις.
604 566 831 636 δεύτερον
869 565 942 620 ’ότι
980 572 1227 636 στραγγῶς
1265 567 1391 630 τινὲς
1428 565 1782 635 καθαιρόμεναι

96 649 177 701 καὶ
227 647 478 717 ὗστερικᾶς
531 646 867 716 ὑπομένουσαι
916 651 1116 714 θλίψεις
1163 647 1432 716 συλλήψεσι
1485 646 1785 717 χρησάμεναι

88 736 194 782 -τῶν
234 729 454 799 ὀχληρῶν
494 728 861 798 ἀπηλλάγησαν.

206 809 330 880 πρὸς
383 815 532 862 ταῦτα
587 811 641 862 δὲ
694 811 885 863 λεκτέον
939 809 1011 862 ὅτι
1064 811 1146 861 καὶ
1203 808 1234 878 ἡ
1283 809 1525 879 κάθαρσις
1572 809 1786 878 φυσικὸν

95 893 254 961 ἔργον,
302 890 406 943 ἀλλ’
452 889 542 959 οὐχ
580 889 815 960 ὑγιεινόν,
856 889 922 954 ὥς
958 888 1321 958 ὗπεμνήσαμεν.
1399 891 1458 945 οὐ
1497 891 1694 955 πάντως
1732 914 1786 961 γε

94 971 194 1041 μὴν
241 976 291 1025 εἴ
327 993 371 1024 τι
418 970 667 1040 ὠφέλιμόν
718 973 839 1038 ἐστι,
892 977 1034 1024 τοῦτο
1072 973 1155 1023 καὶ
1195 969 1425 1040 ὑγιεινόν.
1503 971 1665 1040 ἀμέλει
1702 974 1784 1024 καὶ

93 1052 145 1107 τὸ
191 1057 527 1122 καθαίρεσθαι
572 1054 654 1105 καὶ
701 1050 1063 1121 συλλαμβάνειν
1114 1051 1361 1121 ὠφέλιμον
1410 1054 1498 1121 μέν
1545 1055 1671 1105 ἐστιν
1719 1057 1786 1116 εἰς

97 1136 288 1204 γένεσιν
342 1132 652 1203 ἀνθρώπων,
708 1133 768 1188 οὗ
823 1132 922 1202 μὴν
982 1132 1201 1204 ὑγιεινὸν
1254 1142 1359 1197 ταῖς
1404 1133 1784 1204 κυοφορούσαις.

95 1220 428 1284 συλλαβοῦσαι
481 1216 570 1283 μὲν
622 1214 743 1284 τάχα
799 1214 888 1284 οὐχ
942 1210 1335 1270 ἀπαλλάσσονται
1390 1222 1487 1268 τῶν
1532 1237 1787 1284 προυπαρ-

94 1298 284 1367 χόντων
306 1299 416 1366 περὶ
438 1297 528 1365 τὴν
559 1294 766 1366 ’ὑστέραν
799 1295 1036 1367 ὀχληρῶν,
1069 1295 1492 1364 ἆπαλλασσόμεναι
1517 1297 1570 1349 δὲ
1600 1296 1786 1350 τούτων

94 1377 198 1432 τότε
245 1375 688 1448 συλλαμβάνουσιν.
766 1381 809 1431 εἰ
854 1379 907 1431 δὲ
954 1381 1037 1431 καὶ
1078 1377 1176 1431 ὑπὸ
1231 1383 1316 1445 τῆς
1371 1376 1658 1446 συλλήψεως
1698 1378 1786 1431 άπ-

101 1457 437 1526 αλλάσσονται,
476 1458 715 1528 βοήθημα
752 1464 965 1528 γίγνεται
1002 1458 1166 1513 νόσων
1203 1457 1234 1526 ἡ
1276 1457 1532 1526 σύλληψις,
1558 1459 1617 1512 οὗ
1641 1482 1786 1529 τηρη-

94 1538 229 1593 τικὸν
283 1546 370 1593 τοῦ
416 1538 682 1609 ὑγιαίνειν,
739 1539 899 1608 ὥσπερ
946 1539 1055 1594 οὐδ’
1107 1539 1139 1608 ἡ
1189 1545 1486 1609 φλεβοτομία
1526 1539 1608 1593 διὰ
1646 1547 1786 1594 τοῦτο

95 1618 315 1690 ὑγιεινὸν
352 1624 566 1690 γίγνεται
604 1620 920 1690 παράλημμα,
961 1621 1084 1675 διότι
1113 1621 1217 1675 λύει
1248 1622 1442 1686 νόσους.
1497 1621 1618 1675 κατὰ
1651 1623 1705 1675 δὲ
1734 1621 1787 1675 τὸ

95 1700 471 1772 προηγούμενον
509 1703 700 1756 λεκτέον
741 1700 806 1765 ὡς
837 1701 991 1755 πολλὰ
1025 1703 1114 1770 μὲν
1147 1706 1355 1772 δυσχερῆ
1387 1704 1650 1772 παρέπεται
1683 1710 1788 1766 ταῖς

95 1781 463 1851 κυοφορούσαις
521 1784 851 1852 βαρουμέναις
903 1784 987 1835 καὶ
1040 1782 1130 1852 τὴν
1183 1788 1358 1837 κίσσαν
1409 1782 1786 1852 ὖπομενούσαις.

33 1908 36 1909 ⁷
95 1865 195 1934 ἤδη
245 1865 298 1917 δὲ
335 1865 578 1933 γνωστέον
615 1864 689 1917 ὅτι
727 1866 809 1917 καὶ
847 1862 938 1932 τὴν
977 1865 1048 1917 ἓνὶ
1087 1870 1154 1938 τῷ
1194 1864 1299 1938 ζῴῳ
1340 1863 1556 1934 αὐτάρκη
1595 1863 1788 1933 τροφὴν

98 1951 394 2015 μερισθῆναι
449 1949 528 1998 δεῖ
572 1944 697 2015 πρὸς
751 1946 843 2000 δύο
901 1945 1039 2020 ζῴων
1086 1948 1274 2016 θρέψιν
1326 1968 1374 1999 τε
1427 1948 1509 1999 καὶ
1564 1946 1787 2014 αὔξησιν,

99 2027 218 2082 ὥστε
265 2028 431 2096 μηκέτι
477 2028 640 2095 μένειν
687 2026 904 2096 αὐτάρκη
950 2034 1008 2100 τῇ
1053 2027 1388 2098 κυοφορούσῃ.
1466 2027 1554 2081 ὅτι
1591 2026 1684 2097 γὰρ
1722 2029 1788 2101 τῷ

93 2109 487 2182 κυοφορουμένῳ
522 2113 903 2178 προσμερίζεται,
941 2115 1081 2164 τοῦτο
1113 2108 1219 2161 κατ’
1256 2107 1480 2178 ἀνάγκην
1511 2107 1789 2177 ἀφαιρεῖται

92 2196 176 2258 τῆς
207 2188 570 2257 κυοφορούσης.
618 2188 678 2242 οὗ
709 2188 803 2259 γὰρ
837 2191 1079 2259 ἐνδέχεται
1108 2193 1309 2244 πλείονα
1336 2185 1607 2258 λαμβάνειν
1632 2187 1788 2256 αὐτὴν

94 2267 160 2333 ὦς
209 2271 293 2323 καὶ
331 2269 693 2333 ἀπαναλώσεως
730 2272 1022 2340 γιγνομένης
1059 2275 1298 2334 πλείονος.
1377 2268 1493 2324 οὐδὲ
1532 2268 1624 2339 γὰρ
1663 2273 1783 2323 οἴσει

92 2348 183 2418 τὴν
223 2354 510 2419 οἰκονομίαν
540 2358 625 2419 τῆς
654 2355 882 2415 πλείονος
911 2350 964 2406 τὸ
1004 2358 1089 2421 τῆς
1119 2353 1316 2419 πέψεως
1348 2354 1506 2421 ἔργον.
1555 2354 1599 2403 εἰ
1618 2354 1788 2404 τοίνυν

22 2432 36 2438 ’
95 2430 335 2501 λαμβάνει
374 2432 462 2500 μὲν
500 2431 623 2500 ’ὅσην
665 2431 870 2485 δύναται
907 2434 1126 2500 πέσσειν,
1180 2439 1265 2500 τῆς
1306 2432 1359 2484 δὲ
1398 2432 1698 2499 πεσσομένης
1735 2430 1787 2484 τὸ

20 2582 22 2584 V
97 2513 484 2582 προστιθέμενον
535 2519 602 2587 τῷ
655 2515 1046 2588 κυοφορουμένςο
1100 2520 1185 2583 τῆς
1235 2512 1588 2582 κυοφορούσης
1644 2513 1788 2580 ἀφαι-

216 2692 240 2731 7
286 2684 490 2743 φυσικόν
523 2684 649 2731 ἔστιν
682 2686 820 2744 ἔργον
851 2689 891 2733 D
926 2688 1027 2745 (sed
1060 2684 1185 2733 ἔστιν
1217 2702 1309 2734 non
1341 2688 1485 2733 habeb
1516 2690 1572 2761 0).
1757 2691 1783 2730 8

95 2742 181 2802 οὐχ
214 2745 319 2803 (sic)
351 2760 376 2790 c
408 2747 517 2818 (non
549 2741 688 2803 οὐχὶ).
859 2753 912 2792 16
945 2749 1028 2792 τοῦ
1061 2747 1120 2791 E:
1153 2744 1205 2791 τὸ
1241 2761 1277 2792 o.
1432 2752 1487 2791 20
1520 2745 1574 2790 δὲ
1607 2745 1711 2790 add.
1746 2745 1782 2788 E

97 2806 204 2859 (om.
221 2806 296 2875 c).
423 2800 495 2849 ἕνὶ
479 2803 586 2849 ὶεΕ
621 2802 673 2850 ἐν
707 2819 743 2850 e.
865 2811 922 2850 22
957 2801 984 2850 ὅ
1015 2823 1079 2851 u:
1112 2803 1269 2850 πάντα
1302 2820 1340 2850 ο.
1462 2811 1522 2850 27
1555 2800 1786 2862 λαμβάνει

98 2862 184 2919 μὲν
218 2859 332 2920 ὅσην
363 2863 427 2907 D:
459 2861 815 2922 λαμβανόμενος
846 2860 905 2921 ἣν
939 2878 975 2909 e

1811 1076 1855 1108 10

1813 1481 1855 1514 15

1812 1887 1855 1919 20

1811 2290 1854 2324 25
