2014 3162
837 170 1240 222 —376—

193 325 338 370 φοντι
377 303 676 371 βεβρεγμένα
715 299 746 370 ἢ
785 302 868 354 καὶ
907 302 1101 353 σκέπειν
1139 300 1190 354 τὸ
1229 297 1382 369 ἦτρον
1421 301 1548 355 ὅλον·
1569 298 1765 374 σπόγγῳ
1797 304 1883 355 καὶ
1963 315 1979 374 ’ζῇ

194 387 341 452 ἐρίοις
380 387 428 447 ἐξ
470 382 740 452 ὅξυκράτου
778 383 1115 450 τεθλιμμένοις
1153 384 1237 434 καὶ
1269 379 1321 434 τὸ
1348 381 1655 452 ἐπιγάστριον
1677 384 1760 434 καὶ
1791 384 1881 449 ἐφ·-
1960 384 1988 441 3¹}

191 465 372 533 ήβαιον
419 467 502 517 καὶ
549 463 764 531 ὀσφύας,
810 465 894 516 καὶ
940 465 1241 530 έπιὸεσμεῖν,
1289 463 1516 514 ἐκτείνειν
1552 484 1602 515 τε
1638 461 1695 515 τὰ
1736 464 1881 532 σκέλη
1961 511 1970 523 ,,

173 538 278 614 ’τῆς
316 544 552 616 γυναικὸς
592 543 711 597 ὥστε
748 543 800 596 τὸ
841 545 1002 612 ἕτερον
1040 548 1105 614 τῷ
1145 544 1286 613 ἓτέρῳ
1327 544 1613 595 ἐπικεῖσθαι.
1676 543 1793 611 μετὰ
1827 543 1881 595 δὲ
1967 575 1973 581 ν

150 647 172 680 5
196 633 336 681 τοῦτο
370 626 543 689 σικύας
573 625 874 694 προβλητέον
906 622 1020 692 μετὰ
1051 622 1236 693 φλογὸς
1263 627 1486 686 πλείονος
1509 623 1631 691 πρὸς
1655 622 1882 691 ὀμφαλὸν

190 710 275 760 καὶ
323 707 441 760 καθ’
495 708 724 775 ἑκατέραν
769 705 955 775 λαγόνα
992 707 1075 758 καὶ
1114 703 1367 773 ὀσφραντὰ
1405 712 1510 767 ταῖς
1549 706 1678 774 ῥισὶν
1716 703 1880 773 εὐώδη

191 794 406 857 συνεχῶς
443 788 801 856 προσενεκτέον.
871 792 928 856 τῇ
969 786 1022 838 δὲ
1061 789 1191 854 τρίτῃ
1229 790 1328 837 τῶν
1365 783 1561 854 ἡμερῶν
1600 787 1881 854 ἐγκειμένου

189 875 254 942 τῷ
297 868 461 939 κόλπῳ
507 874 594 921 τοῦ
641 869 774 936 ἐρίου
823 867 1113 964 ἕγκαθιζέτῳ
1159 889 1191 933 η
1243 865 1370 967 γυνὴ
1412 870 1480 929 εἰς
1520 863 1658 919 οἶνον
1697 868 1881 934 μέλανα
1966 863 1978 926 J

190 948 435 1018 αὐστηρὸν
472 949 818 1017 κεχλιασμένον
856 953 1020 1010 ποσῶς
1058 945 1090 1014 ἢ
1132 951 1199 1010 εἰς
1230 945 1476 1014 αφέψημα
1508 945 1715 1015 βάτου
1693 946 1726 1014 ἠ’
1761 969 1879 1014 μυρ-

125 1053 168 1085 10
191 1035 331 1098 σίνης
363 1028 394 1098 ἢ
428 1034 595 1099 σχίνου
621 1028 651 1098 ἢ
678 1033 860 1083 σιδίων.
903 1049 1017 1096 μετα
1042 1028 1095 1079 δὲ
1125 1026 1177 1080 τὸ
1210 1021 1484 1097 ε’γκάθισμα
1506 1031 1881 1095 κατακλιθείσης

189 1111 339 1179 αὐτῆς
383 1109 558 1173 υπτίας
607 1109 894 1179 ἆναρρόπου
936 1132 1001 1171 ως
1039 1106 1319 1175 υψηλότερα
1358 1109 1484 1176 ε’χειν
1521 1130 1578 1160 τα
1618 1107 1742 1177 πρὸς
1779 1114 1882 1170 τοῖς

186 1196 375 1261 ἰσχίοις,
414 1190 465 1245 τὸ
506 1193 594 1260 μὲν
633 1194 911 1260 ἐγκείμενον
951 1192 1083 1256 ἔριον
1123 1191 1427 1256 ἐξαιρείσθω,
1467 1189 1630 1256 ἕτερον
1670 1189 1723 1240 δὲ
1759 1190 1880 1240 ἐντι-

188 1274 362 1325 θέσθω
403 1273 728 1341 βεβρεγμένον
764 1277 830 1343 τῷ
870 1269 1002 1340 αὐτῷ
1042 1267 1302 1341 φαρμάκῳ.
1381 1269 1784 1321 καταπλαττέσθω
1827 1268 1881 1320 δὲ

188 1351 241 1406 τὸ
295 1352 605 1422 ἐπιγάστριον
658 1355 874 1419 φοίνιξιν
930 1349 1152 1416 ἀλφίτοις
1197 1353 1372 1412 σιδίοις
1423 1355 1566 1422 φακῷ
1617 1348 1715 1417 μετ’
1767 1347 1880 1411 ὀξυ·

122 1455 164 1489 15
188 1434 387 1501 μέλιτος.
447 1435 529 1486 καὶ
561 1432 643 1486 διὰ
681 1436 839 1501 τρίτης
876 1430 1026 1484 πάλιν
1064 1429 1121 1483 τὰ
1162 1429 1285 1483 αὐτὰ
1315 1431 1560 1500 γιγνέσθω
1594 1429 1728 1499 μέχρι
1758 1451 1882 1483 παν-

187 1521 352 1578 τελοῦς
390 1518 672 1583 θεραπείας.

300 1601 386 1650 88.
455 1599 499 1648 εἰ
544 1595 598 1647 δὲ
644 1592 802 1647 πολὺν
841 1596 931 1656 ἔξω
971 1591 1152 1661 χρόνον
1191 1595 1396 1660 μείνασα
1438 1596 1666 1660 φαίνοιτο
1705 1591 1883 1646 λοιπὸν

185 1675 284 1743 ἤδη
332 1681 677 1744 καταψῦχθαι,
732 1675 847 1728 ποτὲ
895 1675 950 1726 δὲ
995 1675 1077 1726 καὶ
1123 1672 1384 1740 προδήλως
1434 1677 1751 1743 φλεγμαίνειν
1796 1675 1882 1726 καὶ

184 1760 510 1825 περιωδυνεῐν
547 1754 579 1824 ἢ
611 1754 733 1808 κατὰ
765 1754 1043 1824 παράλυσιν
1074 1753 1492 1823 προπεπτωκέναι,
1531 1759 1699 1827 θερμῷ
1736 1753 1880 1807 ’ὕδατι
1959 1753 1963 1756 V

118 1835 218 1904 2οῆ
265 1835 504 1908 ὑδρελαίῳ
553 1834 586 1903 ἢ
626 1843 756 1909 χυλῷ
793 1836 973 1904 τήλεως
1012 1838 1176 1903 ἑφθῆς
1213 1834 1244 1903 ἢ
1286 1835 1613 1903 λινοσπέρμου
1651 1833 1683 1902 ἢ
1725 1834 1880 1902 μαλά-

184 1940 275 1986 xm·
320 1924 601 1970 καταντλεῖν
639 1919 723 1969 καὶ
778 1916 931 1980 οὕτως
985 1915 1331 1982 ἆπεντάσσειν,
1383 1914 1447 1968 ἂν
1486 1917 1539 1968 δὲ
1578 1915 1630 1969 τὸ
1670 1915 1907 1985 μέγεθος.

184 2004 272 2066 τῆς
319 2004 597 2068 φλεγμονῆς
643 1996 913 2068 ἀπαιτήσῃ,
960 2000 1043 2051 καὶ
1090 2003 1406 2067 φλεβοτομεῖν
1458 1999 1541 2050 καὶ
1578 2004 1678 2060 τοῖς
1717 1997 1883 2060 ἄλλοις

184 2083 401 2148 χρῆσθαι
461 2086 763 2148 χαλαστικοῖς
825 2078 907 2132 διὰ
967 2102 1057 2148 την
1125 2079 1412 2149 παράλυσιν.
1490 2082 1533 2131 εἰ
1600 2079 1652 2130 δὲ
1720 2082 1881 2147 χρονί-

310 2259 333 2297 1
367 2246 395 2309 ἢ
429 2253 509 2297 καὶ
542 2267 588 2298 c:
622 2250 724 2298 εἶτα
754 2254 925 2298 iterum
956 2253 1058 2300 Aet
1152 2260 1177 2298 2
1214 2250 1399 2298 intem.
1433 2253 1484 2296 E.
1580 2257 1605 2296 3
1639 2247 1821 2308 ὀσφύος
1853 2267 1878 2296 c

190 2314 324 2368 (corr.
359 2312 433 2369 D).
513 2317 538 2356 5
570 2311 857 2383 προβλητέον
892 2327 915 2357 c
948 2315 1080 2370 (corr.
1113 2314 1185 2369 D).
1259 2318 1283 2357 6
1319 2312 1399 2356 καὶ
1424 2307 1559 2367 (καθ’
1566 2314 1581 2368 >
1608 2311 1711 2355 add.
1743 2312 1780 2355 Ε
1813 2314 1876 2367 (p.

187 2372 368 2427 LXIX).
521 2367 790 2427 ὀσφραντάε
839 2374 946 2416 hacc
977 2373 1094 2416 enim
1124 2373 1458 2426 (odoramenta)
1488 2371 1653 2415 sensim
1683 2371 1878 2427 quodam

188 2432 467 2475 nutrimento
500 2432 712 2485 reficiunt
743 2445 797 2475 αο
826 2436 1076 2486 resumit-,nt
1108 2432 1316 2475 latentem
1349 2431 1644 2474 adiectionem
1675 2442 1880 2485 emporis

187 2488 411 2542 facientia
449 2493 490 2532 ct
521 2503 640 2533 cum
679 2491 915 2546 quadam
955 2491 1361 2534 constrictione
1392 2502 1454 2532 ac
1484 2489 1765 2533 densitate
1808 2501 1877 2531 se-

189 2547 393 2591 cundum
449 2547 675 2592 Soranum
737 2549 878 2605 (Cael.
929 2563 999 2593 ox.
1034 2554 1083 2603 2,
1110 2553 1210 2592 205.
1246 2553 1344 2592 216.
1404 2552 1452 2602 3,
1484 2551 1580 2591 199.
1635 2547 1800 2591 chron.
1837 2551 1879 2602 1,

190 2609 275 2649 108
310 2607 414 2661 ebo.)
458 2606 553 2649 alia
597 2607 786 2662 quidem
840 2621 893 2650 ac
938 2622 1078 2663 supra
1122 2609 1203 2664 (ΙΙ,
1229 2610 1303 2663 85)
1348 2606 1529 2650 ratione
1571 2606 1711 2662 (unde
1753 2605 1876 2648 male

188 2664 312 2708 Erm.
345 2679 391 2720 p.
424 2664 578 2720 LXX).
645 2665 702 2709 cf.
737 2680 876 2735 supra.
907 2666 962 2721 II,
990 2670 1059 2711 59.
1242 2671 1268 2710 9
1301 2662 1654 2735 κεχαλασμένον
1686 2678 1710 2707 0
1743 2668 1874 2720 (corr.

189 2738 246 2794 e'x
277 2723 414 2779 Aet..)
569 2728 621 2766 11
655 2720 927 2779 ανατρόπου
962 2739 985 2768 c
1014 2726 1157 2795 (corr.
1190 2723 1263 2779 D).
1420 2727 1474 2767 14
1507 2719 1720 2778 αλφίτοις
1751 2724 1876 2766 Aeni

190 2778 546 2898 ἐλμεῗιῖτὲρῖἒςωα
560 2855 598 2897 c,
630 2783 949 2895 ΐοφῖἕσζΐῗηὲῗιτ
955 2779 1273 2898 εει(ι’ξ1ἷίῖ)ΑΘΐ5
1288 2797 1358 2885 22Ο
1361 2796 1494 2897 11chst
1501 2787 1877 2909 φλεγῖιζνῖοὲτῗζκ
1954 2825 1957 2827 ,

188 2915 231 2945 v.
253 2901 328 2957 23)
360 2899 437 2943 hic
470 2900 629 2944 addidi
661 2901 719 2955 (si
749 2901 862 2944 satis
891 2901 1086 2958 yranclis
1115 2902 1149 2955 f.
1183 2901 1335 2956 feivor
1365 2901 1479 2956 lat).
1590 2904 1644 2944 23
1680 2895 1760 2942 διὰ
1791 2894 1878 2954 τὴν
