2014 3162
315 252 356 299 si
391 265 508 299 vero
542 249 842 314 duplicatum
875 264 1028 314 pecus
1060 251 1130 299 sic
1163 249 1473 314 remanserit,
1505 247 1888 312 quomodocum-

205 340 300 390 que
333 325 612 373 invenimus
645 325 715 373 sic
746 323 1079 388 praecidimus
1104 329 1154 371 et
1184 321 1418 388 tollimUS,
1449 324 1697 386 praecisas
1723 328 1889 372 autem

204 405 370 464 partes
423 399 477 446 in
531 397 721 447 tabulas
769 399 1093 462 conponimus
1141 401 1191 445 et
1236 397 1467 444 universa
1512 395 1733 445 membra
1772 411 1887 445 con-

206 472 480 521 sideramus
505 487 566 520 ne
593 471 712 536 quid
736 470 806 519 ibi
830 478 1082 519 remaneat
1110 475 1159 518 et
1190 475 1359 534 postea
1389 469 1664 534 periculum
1697 470 1892 520 inferat.

161 556 183 589 5
318 543 401 595 30.
429 539 563 612 (65.)
585 544 711 602 Quid
738 544 1057 593 obstetricem
1082 544 1243 592 facere
1268 549 1463 606 oportet
1485 544 1532 591 ei
1555 558 1680 607 quae
1704 545 1892 608 patitur

205 627 318 685 post
355 625 541 668 tantem
582 614 982 682 quassationem?

318 694 458 757 prius
506 691 702 756 quidem
751 691 1017 756 praedictis
1066 691 1198 739 sucis
1246 691 1378 754 ipsas
1424 695 1591 754 partes
1631 705 1743 739 cum
1783 689 1890 739 oleo

207 766 364 815 calido
404 767 618 829 inrigare
658 770 708 814 et
745 766 1099 829 paregorizare.
1164 765 1204 812 si
1237 771 1400 812 autem
1433 764 1607 812 effusio
1641 765 1894 828 sanguinis

206 840 409 904 plurimi
462 839 631 904 fuerit,
689 837 862 901 [rebus
921 838 1282 887 constrictoriis
1322 836 1448 886 bene
1490 835 1891 902 conpetentibus]

141 925 184 956 10
208 913 440 963 adhibere
481 927 604 977 quae
646 914 838 977 possint
877 913 1218 976 constringere
1259 917 1308 959 et
1347 913 1611 960 exsiccare.

92 1087 183 1143 (22)
556 1070 658 1124 XX
712 1070 789 1124 De
827 1069 1138 1126 retentione
1179 1068 1556 1125 secundarum.

320 1175 405 1228 31.
447 1171 582 1246 (66.)
627 1177 679 1226 Si
719 1177 963 1226 secundae
1002 1176 1073 1226 ibi
1110 1178 1441 1226 remanserint
1480 1175 1599 1241 quid
1623 1171 1896 1226 faciemus?

320 1266 433 1301 cum
487 1252 648 1300 infans
702 1252 753 1299 in
799 1266 974 1300 manus
1021 1250 1304 1300 obstetricis
1348 1250 1606 1316 ceciderit,
1656 1251 1697 1299 si
1736 1249 1895 1299 adhuc

209 1325 266 1374 ad
299 1325 589 1374 umbilicum
622 1327 919 1389 continetur,
959 1324 1266 1390 adprehenso
1299 1339 1461 1389 panno
1494 1340 1555 1374 ne
1584 1323 1665 1373 ille
1689 1323 1897 1389 labatur,

142 1412 182 1443 15
208 1398 328 1447 aliae
369 1398 565 1448 mulieri
604 1399 764 1448 tradat
802 1398 1064 1465 obstetrix,
1116 1398 1293 1448 deinde
1334 1404 1573 1463 temptare
1614 1396 1761 1447 debet
1799 1397 1897 1446 huc

209 1479 356 1538 atque
409 1473 527 1522 illuc
577 1473 848 1538 adducenS,
903 1487 965 1521 ne
1019 1488 1110 1537 per
1155 1474 1321 1537 ipsum
1358 1471 1648 1521 umbilicum
1693 1471 1896 1520 infantis

210 1546 453 1595 secundae
505 1549 697 1611 possint
743 1546 863 1595 foris
911 1545 1110 1612 adduci,
1166 1547 1425 1596 adiuvante
1482 1545 1739 1595 conatibus
1790 1547 1894 1594 suis

209 1622 316 1684 ipsa
369 1621 690 1684 parturiente.
770 1622 811 1669 si
857 1634 973 1668 vero
1021 1620 1228 1670 tarditas
1273 1622 1380 1685 ipsa
1419 1635 1607 1668 moram
1652 1618 1897 1686 habuerit,

331 1722 353 1760 1
389 1717 622 1774 quomodo
653 1731 897 1774 possumus
928 1716 1211 1774 precidimus
1241 1719 1284 1761 h.
1405 1723 1431 1761 2
1458 1717 1709 1761 dummodo
1734 1731 1894 1761 omnes

210 1777 413 1834 precisas
444 1778 600 1833 partes
630 1777 676 1820 in
710 1776 873 1820 tabula
905 1790 1235 1833 componamus
1266 1778 1307 1821 h.
1431 1782 1457 1822 3
1489 1777 1539 1820 in
1569 1776 1732 1821 tabula
1765 1778 1822 1831 (-s
1849 1777 1893 1832 b)

211 1849 289 1880 eas
322 1837 477 1892 con(m
503 1835 753 1892 l)ponimus
787 1836 849 1879 bl.
973 1835 1317 1880 consideremus
1342 1837 1440 1880 blh.
1566 1841 1595 1902 4
1626 1835 1898 1880 remanserit

211 1896 253 1939 h.
406 1896 533 1996 etb—
557 1894 730 1962 inferat
759 1907 842 1939 om.
875 1895 916 1938 h.
1068 1896 1235 1951 postea
1255 1896 1312 1963 ,ὃς
1345 1897 1453 1952 post
1483 1894 1667 1961 mulieri
1699 1895 1727 1938 l.
1868 1898 1907 1954 5*

208 1953 341 2056 ⁰³⁰2}
372 1955 1086 2069 ῗρῖἕῂἰῗοέῗῖἣὲὧῗέῗοῖῗίῖ.
1109 1955 1163 2069 ²53.
1190 1953 1896 2070 ttztfflsstzfficfffidisssst²2ss

206 2085 247 2115 o.
282 2085 318 2115 c.
350 2072 438 2130 hec
471 2071 628 2115 omnia
658 2071 856 2128 irrigare
888 2072 931 2117 h.
1075 2075 1101 2115 8
1133 2072 1455 2130 paragorizare
1489 2072 1586 2116 bzh.
1734 2076 1759 2115 9
1791 2074 1894 2128 plu-

210 2129 342 2178 rimu
379 2131 561 2186 (-mum)
596 2131 635 2184 b,
669 2130 750 2174 -m'
778 2131 932 2186 (-mus)
967 2131 995 2185 Ζ,
1032 2131 1218 2186 (fluxuS.
1238 2166 1248 2177 .
1269 2133 1305 2187 .)
1337 2131 1565 2188 plurimus
1596 2131 1637 2175 h.
1757 2130 1894 2175 rebus

209 2214 264 2221 -
291 2189 521 2233 exsiccare
557 2190 656 2246 (sic)
692 2190 742 2234 bl
781 2191 855 2244 (ex
885 2191 1220 2246 dittoyraphia,
1250 2194 1303 2234 ut
1332 2191 1552 2246 videtum:
1599 2189 1737 2234 rebus
1770 2201 1892 2233 com-

205 2248 472 2304 petentibus
504 2248 819 2305 constringere
851 2249 899 2292 et
931 2248 1103 2293 siccare
1135 2250 1162 2294 l.
1299 2249 1353 2293 ut
1382 2250 1501 2293 bene
1534 2253 1635 2305 cop.
1670 2249 1698 2293 l.
1837 2253 1891 2292 11

205 2321 329 2351 nunc
358 2308 520 2351 iterum
552 2308 628 2363 (cf.
660 2321 804 2363 supra
835 2307 888 2362 Ι,
914 2311 989 2352 67.
1023 2309 1103 2364 68)
1136 2309 1204 2352 De
1236 2323 1272 2353 r.
1306 2323 1339 2352 s.
1375 2313 1461 2364 cap
1492 2308 1577 2352 XX
1611 2309 1669 2364 (et
1698 2309 1829 2364 seqq.)
1862 2308 1892 2351 h

207 2366 306 2422 (qui
335 2367 546 2410 omiserat
575 2379 783 2410 ‘nwmeros
813 2365 966 2411 XVIII
992 2371 1033 2411 et
1055 2366 1262 2423 XVIHI),
1297 2366 1523 2411 CLXVIII
1554 2368 1611 2411 de
1641 2367 1725 2410 ret.
1751 2380 1844 2410 sec.
1877 2367 1894 2411 l

208 2427 261 2480 (c.
294 2428 495 2470 20—21
520 2426 663 2480 plane
699 2438 781 2469 om.
823 2427 882 2481 b).
1008 2431 1062 2469 13
1101 2439 1245 2469 manu
1273 2427 1315 2470 h.
1438 2430 1494 2469 14
1524 2425 1574 2469 in
1604 2425 1829 2469 umbilicsi
1862 2426 1889 2468 l.

205 2485 312 2528 haec
341 2484 408 2528 sic
437 2484 568 2528 habet
597 2484 647 2528 h:
682 2483 731 2527 Si
761 2484 821 2527 ad
851 2484 1123 2528 umbilicum
1155 2485 1307 2528 adhuc
1338 2485 1562 2529 coherent
1591 2483 1682 2528 alie
1706 2482 1891 2528 mulieri

206 2541 412 2587 obsetrix
434 2543 620 2586 tradere
645 2542 835 2586 debebit
856 2542 1085 2587 infantem
1110 2544 1343 2588 substrato
1370 2543 1466 2587 scil.
1493 2542 1708 2587 manibus
1738 2557 1892 2599 panno

207 2599 587 2658 (ὑπεστρωμένον
620 2598 812 2658 ῥάκους)
845 2616 902 2646 ne
935 2601 1131 2646 labatur.
1166 2601 1334 2646 deinde
1365 2603 1596 2658 temptare
1627 2601 1716 2646 hac
1748 2603 1888 2657 atque

204 2659 316 2705 illac
347 2661 580 2704 adducens
610 2674 668 2704 ne
699 2674 861 2716 per...
1036 2674 1094 2704 ne
1125 2660 1197 2704 illi
1228 2661 1468 2706 laboratur
1499 2661 1537 2705 sc
1567 2674 1608 2706 a.
1641 2675 1702 2704 m.
1734 2661 1890 2705 trada-

205 2722 282 2764 tur
313 2719 351 2764 δι
385 2719 590 2763 obsetrix
621 2722 654 2764 t.
689 2720 731 2763 d.
765 2719 871 2764 locu
903 2721 993 2763 huc
1025 2722 1165 2775 atque
1196 2719 1329 2766 illuc.
1350 2755 1389 2765 ..
1431 2721 1458 2765 l.
1585 2724 1638 2763 16
1670 2733 1728 2763 ne
1759 2720 1807 2764 h:
1840 2721 1893 2764 ut

208 2780 235 2823 Ζ.
362 2783 416 2823 17
450 2778 647 2823 secunde
680 2791 762 2824 om.
795 2780 837 2822 h.
981 2779 1106 2823 foras
1138 2779 1180 2822 h.
1326 2783 1380 2824 18
1414 2781 1462 2824 et
1491 2778 1594 2836 ipsa
1625 2779 1666 2822 h.
1735 2785 1739 2789 ·
1787 2777 1892 2835 ipsa

205 2852 336 2883 mora
366 2839 408 2894 h,
440 2836 593 2894 ipsam
624 2838 741 2882 hora.
771 2839 798 2882 Z.
