<?xml version="1.0" encoding="UTF-8"?>
<!DOCTYPE html PUBLIC "-//W3C//DTD XHTML 1.0 Transitional//EN"
    "http://www.w3.org/TR/xhtml1/DTD/xhtml1-transitional.dtd">
<html xmlns="http://www.w3.org/1999/xhtml" xml:lang="en" lang="en">
 <head>
  <title>
</title>
<meta http-equiv="Content-Type" content="text/html;charset=utf-8" />
  <meta name='ocr-system' content='tesseract 3.04.00' />
  <meta name='ocr-capabilities' content='ocr_page ocr_carea ocr_par ocr_line ocrx_word'/>
</head>
<body>
  <div class='ocr_page' id='page_1' title='image "./gynaeciorumvetus00sorauoft_0173.png"; bbox 0 0 2014 3162; ppageno 0'>
   <div class='ocr_carea' id='block_1_1' title="bbox 874 710 1155 765">
    <p class='ocr_par' dir='ltr' id='par_1_1' title="bbox 874 710 1155 765">
     <span class='ocr_line' id='line_1_1' title="bbox 874 710 1155 765; baseline 0.007 -2"><span class='ocrx_word' id='word_1_1' title='bbox 874 710 1155 765; x_wconf 85' lang='lat' dir='ltr'><strong>INDEX.</strong></span> 
     </span>
    </p>
   </div>
   <div class='ocr_carea' id='block_1_2' title="bbox 156 825 1855 1002">
    <p class='ocr_par' dir='ltr' id='par_1_2' title="bbox 156 825 1855 1002">
     <span class='ocr_line' id='line_1_2' title="bbox 168 825 1855 886; baseline 0.004 -18"><span class='ocrx_word' id='word_1_2' title='bbox 168 825 235 868; x_wconf 92' lang='lat' dir='ltr'><strong><em>In</em></strong></span> <span class='ocrx_word' id='word_1_3' title='bbox 264 825 615 870; x_wconf 74' lang='lat' dir='ltr'><strong><em>medicaminum</em></strong></span> <span class='ocrx_word' id='word_1_4' title='bbox 644 826 890 882; x_wconf 77' lang='lat' dir='ltr'><strong><em>scripturis</em></strong></span> <span class='ocrx_word' id='word_1_5' title='bbox 920 827 1048 883; x_wconf 79' lang='lat' dir='ltr'><strong><em>apud</em></strong></span> <span class='ocrx_word' id='word_1_6' title='bbox 1077 828 1199 872; x_wconf 78' lang='lat' dir='ltr'><strong><em>hunc</em></strong></span> <span class='ocrx_word' id='word_1_7' title='bbox 1238 841 1407 885; x_wconf 82' lang='lat' dir='ltr'><strong><em>semper</em></strong></span> <span class='ocrx_word' id='word_1_8' title='bbox 1444 830 1537 884; x_wconf 79' lang='lat' dir='ltr'><strong><em>fere</em></strong></span> <span class='ocrx_word' id='word_1_9' title='bbox 1566 842 1656 886; x_wconf 89' lang='lat' dir='ltr'><strong><em>pro</em></strong></span> <span class='ocrx_word' id='word_1_10' title='bbox 1694 830 1855 886; x_wconf 71' lang='lat' dir='ltr'><strong><em>fatuo-o</em></strong></span> 
     </span>
     <span class='ocr_line' id='line_1_3' title="bbox 156 885 1853 946; baseline 0.004 -18"><span class='ocrx_word' id='word_1_11' title='bbox 156 896 378 940; x_wconf 75' lang='lat' dir='ltr'><strong><em>praesens</em></strong></span> <span class='ocrx_word' id='word_1_12' title='bbox 406 885 603 941; x_wconf 81' lang='lat' dir='ltr'><strong><em>ponitur</em></strong></span> <span class='ocrx_word' id='word_1_13' title='bbox 634 886 813 941; x_wconf 79' lang='lat' dir='ltr'><strong><em>(contra</em></strong></span> <span class='ocrx_word' id='word_1_14' title='bbox 842 899 980 942; x_wconf 76' lang='lat' dir='ltr'><strong><em>qnam</em></strong></span> <span class='ocrx_word' id='word_1_15' title='bbox 1010 887 1139 943; x_wconf 79' lang='lat' dir='ltr'><strong><em>apud</em></strong></span> <span class='ocrx_word' id='word_1_16' title='bbox 1172 885 1382 931; x_wconf 82' lang='lat' dir='ltr'><strong><em>Cassium</em></strong></span> <span class='ocrx_word' id='word_1_17' title='bbox 1413 887 1650 945; x_wconf 83' lang='lat' dir='ltr'><strong><em>Felicem):</em></strong></span> <span class='ocrx_word' id='word_1_18' title='bbox 1703 890 1853 946; x_wconf 84' lang='lat' dir='ltr'><strong><em>ponis,</em></strong></span> 
     </span>
     <span class='ocr_line' id='line_1_4' title="bbox 267 941 1742 1002; baseline 0.003 -15"><span class='ocrx_word' id='word_1_19' title='bbox 267 941 450 1000; x_wconf 82' lang='lat' dir='ltr'><strong><em>inlinis,</em></strong></span> <span class='ocrx_word' id='word_1_20' title='bbox 483 943 736 999; x_wconf 66' lang='lat' dir='ltr'><strong><em>admisceS,</em></strong></span> <span class='ocrx_word' id='word_1_21' title='bbox 768 945 979 1002; x_wconf 79' lang='lat' dir='ltr'><strong><em>conpleS,</em></strong></span> <span class='ocrx_word' id='word_1_22' title='bbox 1011 944 1294 1002; x_wconf 82' lang='lat' dir='ltr'><strong><em>encolpizas‚</em></strong></span> <span class='ocrx_word' id='word_1_23' title='bbox 1324 948 1443 991; x_wconf 80' lang='lat' dir='ltr'><strong><em>sicut</em></strong></span> <span class='ocrx_word' id='word_1_24' title='bbox 1473 947 1635 992; x_wconf 83' lang='lat' dir='ltr'><strong><em>damus</em></strong></span> <span class='ocrx_word' id='word_1_25' title='bbox 1665 951 1742 993; x_wconf 85' lang='lat' dir='ltr'><strong><em>etc.</em></strong></span> 
     </span>
    </p>
   </div>
   <div class='ocr_carea' id='block_1_3' title="bbox 168 1046 966 2934">
    <p class='ocr_par' dir='ltr' id='par_1_3' title="bbox 168 1046 966 2934">
     <span class='ocr_line' id='line_1_5' title="bbox 168 1046 964 1103; baseline 0.003 -13"><span class='ocrx_word' id='word_1_26' title='bbox 168 1057 222 1091; x_wconf 80' lang='lat' dir='ltr'><strong><em>a:</em></strong></span> <span class='ocrx_word' id='word_1_27' title='bbox 255 1046 360 1102; x_wconf 82' lang='lat' dir='ltr'><strong><em>plus</em></strong></span> <span class='ocrx_word' id='word_1_28' title='bbox 392 1060 421 1091; x_wconf 89' lang='lat' dir='ltr'><strong><em>a</em></strong></span> <span class='ocrx_word' id='word_1_29' title='bbox 442 1046 567 1091; x_wconf 85' lang='lat' dir='ltr'><strong><em>iusto</em></strong></span> <span class='ocrx_word' id='word_1_30' title='bbox 592 1047 640 1102; x_wconf 87' lang='lat' dir='ltr'><strong><em>(l,</em></strong></span> <span class='ocrx_word' id='word_1_31' title='bbox 663 1046 770 1103; x_wconf 83' lang='lat' dir='ltr'><strong><em>plus</em></strong></span> <span class='ocrx_word' id='word_1_32' title='bbox 795 1047 964 1092; x_wconf 82' lang='lat' dir='ltr'><strong><em>adusto</em></strong></span> 
     </span>
     <span class='ocr_line' id='line_1_6' title="bbox 194 1105 964 1162; baseline 0.001 -12"><span class='ocrx_word' id='word_1_33' title='bbox 194 1106 220 1150; x_wconf 88' lang='lat' dir='ltr'><strong><em>b</em></strong></span> <span class='ocrx_word' id='word_1_34' title='bbox 247 1126 304 1142; x_wconf 96' lang='lat'>=</span> <span class='ocrx_word' id='word_1_35' title='bbox 327 1106 388 1150; x_wconf 83' lang='lat' dir='ltr'><strong><em>ab</em></strong></span> <span class='ocrx_word' id='word_1_36' title='bbox 427 1105 585 1150; x_wconf 80' lang='lat' dir='ltr'><strong><em>iusto?</em></strong></span> <span class='ocrx_word' id='word_1_37' title='bbox 610 1127 666 1143; x_wconf 92' lang='lat'>=</span> <span class='ocrx_word' id='word_1_38' title='bbox 690 1106 798 1162; x_wconf 82' lang='lat' dir='ltr'><strong><em>plus</em></strong></span> <span class='ocrx_word' id='word_1_39' title='bbox 822 1119 964 1162; x_wconf 85' lang='lat' dir='ltr'><strong><em>quam</em></strong></span> 
     </span>
     <span class='ocr_line' id='line_1_7' title="bbox 196 1163 963 1223; baseline 0.003 -16"><span class='ocrx_word' id='word_1_40' title='bbox 196 1163 369 1208; x_wconf 84' lang='lat' dir='ltr'><strong><em>debent</em></strong></span> <span class='ocrx_word' id='word_1_41' title='bbox 398 1165 445 1221; x_wconf 80' lang='lat' dir='ltr'><strong><em>h)</em></strong></span> <span class='ocrx_word' id='word_1_42' title='bbox 478 1170 548 1210; x_wconf 87' lang='lat'><strong><em>96.</em></strong></span> <span class='ocrx_word' id='word_1_43' title='bbox 579 1164 636 1222; x_wconf 87' lang='lat' dir='ltr'><strong><em>H,</em></strong></span> <span class='ocrx_word' id='word_1_44' title='bbox 663 1170 718 1209; x_wconf 89' lang='grc'><strong><em>16</em></strong></span> <span class='ocrx_word' id='word_1_45' title='bbox 751 1166 815 1221; x_wconf 79' lang='grc' dir='ltr'><strong>(Ζ).</strong></span> <span class='ocrx_word' id='word_1_46' title='bbox 858 1166 963 1223; x_wconf 91' lang='lat' dir='ltr'><strong><em>plu—</em></strong></span> 
     </span>
     <span class='ocr_line' id='line_1_8' title="bbox 189 1224 963 1282; baseline 0.004 -16"><span class='ocrx_word' id='word_1_47' title='bbox 189 1237 278 1280; x_wconf 33' lang='lat' dir='ltr'><strong><em>res,</em></strong></span> <span class='ocrx_word' id='word_1_48' title='bbox 307 1224 368 1267; x_wconf 88' lang='lat' dir='ltr'><strong><em>ab</em></strong></span> <span class='ocrx_word' id='word_1_49' title='bbox 411 1226 502 1268; x_wconf 83' lang='lat' dir='ltr'><strong><em>uno</em></strong></span> <span class='ocrx_word' id='word_1_50' title='bbox 546 1225 610 1277; x_wconf 96' lang='lat' dir='ltr'><strong><em>II,</em></strong></span> <span class='ocrx_word' id='word_1_51' title='bbox 649 1229 725 1279; x_wconf 88' lang='lat'><strong><em>18,</em></strong></span> <span class='ocrx_word' id='word_1_52' title='bbox 759 1229 816 1269; x_wconf 85' lang='lat'><strong><em>25</em></strong></span> <span class='ocrx_word' id='word_1_53' title='bbox 862 1226 963 1282; x_wconf 82' lang='lat' dir='ltr'><strong>(lh).</strong></span> 
     </span>
     <span class='ocr_line' id='line_1_9' title="bbox 193 1282 962 1340; baseline 0.003 -14"><span class='ocrx_word' id='word_1_54' title='bbox 193 1282 361 1327; x_wconf 86' lang='lat' dir='ltr'><strong><em>melior</em></strong></span> <span class='ocrx_word' id='word_1_55' title='bbox 392 1282 453 1326; x_wconf 83' lang='lat' dir='ltr'><strong><em>ab</em></strong></span> <span class='ocrx_word' id='word_1_56' title='bbox 486 1282 701 1327; x_wconf 82' lang='lat' dir='ltr'><strong><em>omnibus</em></strong></span> <span class='ocrx_word' id='word_1_57' title='bbox 732 1284 790 1340; x_wconf 92' lang='lat' dir='ltr'><strong><em>II,</em></strong></span> <span class='ocrx_word' id='word_1_58' title='bbox 818 1288 887 1337; x_wconf 87' lang='grc'><strong><em>18,</em></strong></span> <span class='ocrx_word' id='word_1_59' title='bbox 908 1289 962 1328; x_wconf 91' lang='grc'><strong><em>12</em></strong></span> 
     </span>
     <span class='ocr_line' id='line_1_10' title="bbox 192 1341 963 1399; baseline 0.004 -14"><span class='ocrx_word' id='word_1_60' title='bbox 192 1342 254 1398; x_wconf 78' lang='lat' dir='ltr'><strong><em>(h)</em></strong></span> <span class='ocrx_word' id='word_1_61' title='bbox 287 1346 328 1386; x_wconf 84' lang='lat' dir='ltr'><strong><em>et</em></strong></span> <span class='ocrx_word' id='word_1_62' title='bbox 358 1341 416 1399; x_wconf 92' lang='grc' dir='ltr'><strong><em>ΙΙ,</em></strong></span> <span class='ocrx_word' id='word_1_63' title='bbox 444 1346 513 1397; x_wconf 87' lang='grc'><strong><em>18,</em></strong></span> <span class='ocrx_word' id='word_1_64' title='bbox 537 1346 596 1386; x_wconf 88' lang='grc'><strong><em>24</em></strong></span> <span class='ocrx_word' id='word_1_65' title='bbox 628 1343 662 1398; x_wconf 85' lang='lat' dir='ltr'><strong><em>(l</em></strong></span> <span class='ocrx_word' id='word_1_66' title='bbox 672 1343 733 1399; x_wconf 79' lang='lat' dir='ltr'><strong>h).</strong></span> <span class='ocrx_word' id='word_1_67' title='bbox 778 1342 963 1388; x_wconf 84' lang='lat' dir='ltr'><strong><em>mollio-</em></strong></span> 
     </span>
     <span class='ocr_line' id='line_1_11' title="bbox 191 1400 964 1447; baseline 0.003 -3"><span class='ocrx_word' id='word_1_68' title='bbox 191 1413 266 1444; x_wconf 81' lang='lat' dir='ltr'><strong><em>res</em></strong></span> <span class='ocrx_word' id='word_1_69' title='bbox 313 1400 374 1445; x_wconf 82' lang='lat' dir='ltr'><strong><em>ad</em></strong></span> <span class='ocrx_word' id='word_1_70' title='bbox 423 1401 589 1445; x_wconf 78' lang='lat' dir='ltr'><strong><em>claulis</em></strong></span> <span class='ocrx_word' id='word_1_71' title='bbox 620 1403 651 1446; x_wconf 79' lang='lat' dir='ltr'><em>h</em></span> <span class='ocrx_word' id='word_1_72' title='bbox 685 1423 739 1439; x_wconf 92' lang='lat'>=</span> <span class='ocrx_word' id='word_1_73' title='bbox 764 1401 964 1447; x_wconf 85' lang='lat' dir='ltr'><strong><em>leniores</em></strong></span> 
     </span>
     <span class='ocr_line' id='line_1_12' title="bbox 192 1459 966 1515; baseline 0.003 -12"><span class='ocrx_word' id='word_1_74' title='bbox 192 1459 358 1504; x_wconf 78' lang='lat' dir='ltr'><strong><em>claulis</em></strong></span> <span class='ocrx_word' id='word_1_75' title='bbox 383 1461 436 1505; x_wconf 81' lang='lat' dir='ltr'><strong><em>bl</em></strong></span> <span class='ocrx_word' id='word_1_76' title='bbox 465 1461 524 1515; x_wconf 94' lang='grc' dir='ltr'><strong><em>ΙΙ,</em></strong></span> <span class='ocrx_word' id='word_1_77' title='bbox 549 1465 620 1505; x_wconf 87' lang='grc'><strong>30.</strong></span> <span class='ocrx_word' id='word_1_78' title='bbox 653 1486 709 1493; x_wconf 85' lang='grc'>-</span> <span class='ocrx_word' id='word_1_79' title='bbox 742 1474 772 1505; x_wconf 86' lang='lat' dir='ltr'><strong><em>a</em></strong></span> <span class='ocrx_word' id='word_1_80' title='bbox 804 1463 966 1506; x_wconf 90' lang='lat' dir='ltr'><strong><em>contra</em></strong></span> 
     </span>
     <span class='ocr_line' id='line_1_13' title="bbox 191 1519 964 1576; baseline 0.001 -13"><span class='ocrx_word' id='word_1_81' title='bbox 191 1519 236 1574; x_wconf 86' lang='lat' dir='ltr'><strong><em>(b</em></strong></span> <span class='ocrx_word' id='word_1_82' title='bbox 247 1519 276 1574; x_wconf 81' lang='lat' dir='ltr'><strong><em>l,</em></strong></span> <span class='ocrx_word' id='word_1_83' title='bbox 322 1519 372 1563; x_wconf 90' lang='lat' dir='ltr'><strong><em>in</em></strong></span> <span class='ocrx_word' id='word_1_84' title='bbox 419 1521 582 1564; x_wconf 84' lang='lat' dir='ltr'><strong><em>contra</em></strong></span> <span class='ocrx_word' id='word_1_85' title='bbox 619 1520 666 1576; x_wconf 78' lang='lat' dir='ltr'><strong><em>h)</em></strong></span> <span class='ocrx_word' id='word_1_86' title='bbox 707 1521 866 1565; x_wconf 87' lang='lat' dir='ltr'><strong><em>sedere</em></strong></span> <span class='ocrx_word' id='word_1_87' title='bbox 906 1520 964 1573; x_wconf 88' lang='lat' dir='ltr'><strong><em>H,</em></strong></span> 
     </span>
     <span class='ocr_line' id='line_1_14' title="bbox 193 1577 966 1635; baseline 0.004 -14"><span class='ocrx_word' id='word_1_88' title='bbox 193 1582 261 1634; x_wconf 87' lang='lat'><strong><em>19,</em></strong></span> <span class='ocrx_word' id='word_1_89' title='bbox 283 1582 353 1622; x_wconf 93' lang='grc'><strong><em>27.</em></strong></span> <span class='ocrx_word' id='word_1_90' title='bbox 402 1591 431 1622; x_wconf 88' lang='lat' dir='ltr'><strong><em>a</em></strong></span> <span class='ocrx_word' id='word_1_91' title='bbox 461 1577 574 1622; x_wconf 83' lang='lat' dir='ltr'><strong><em>foris</em></strong></span> <span class='ocrx_word' id='word_1_92' title='bbox 606 1580 865 1635; x_wconf 80' lang='lat' dir='ltr'><strong><em>saepissime</em></strong></span> <span class='ocrx_word' id='word_1_93' title='bbox 897 1580 966 1634; x_wconf 77' lang='lat' dir='ltr'><strong><em>(ut</em></strong></span> 
     </span>
     <span class='ocr_line' id='line_1_15' title="bbox 192 1637 962 1697; baseline 0.003 -18"><span class='ocrx_word' id='word_1_94' title='bbox 192 1641 263 1680; x_wconf 86' lang='lat'><strong><em>15.</em></strong></span> <span class='ocrx_word' id='word_1_95' title='bbox 307 1642 404 1681; x_wconf 85' lang='lat'><strong>136.</strong></span> <span class='ocrx_word' id='word_1_96' title='bbox 466 1637 532 1693; x_wconf 89' lang='lat'><strong><em>11,</em></strong></span> <span class='ocrx_word' id='word_1_97' title='bbox 567 1642 604 1683; x_wconf 91' lang='lat'><strong><em>1.</em></strong></span> <span class='ocrx_word' id='word_1_98' title='bbox 640 1643 679 1683; x_wconf 84' lang='lat'><strong><em>2.</em></strong></span> <span class='ocrx_word' id='word_1_99' title='bbox 717 1643 755 1684; x_wconf 81' lang='lat'><strong><em>7.</em></strong></span> <span class='ocrx_word' id='word_1_100' title='bbox 791 1643 858 1683; x_wconf 91' lang='lat'><strong><em>10.</em></strong></span> <span class='ocrx_word' id='word_1_101' title='bbox 887 1642 962 1697; x_wconf 63' lang='lat'><strong>21.</strong></span> 
     </span>
     <span class='ocr_line' id='line_1_16' title="bbox 194 1696 966 1754; baseline 0 -15"><span class='ocrx_word' id='word_1_102' title='bbox 194 1700 263 1739; x_wconf 92' lang='lat'><strong><em>22.</em></strong></span> <span class='ocrx_word' id='word_1_103' title='bbox 291 1700 361 1739; x_wconf 86' lang='lat'><strong><em>23.</em></strong></span> <span class='ocrx_word' id='word_1_104' title='bbox 390 1698 480 1753; x_wconf 92' lang='lat'><strong>32).</strong></span> <span class='ocrx_word' id='word_1_105' title='bbox 514 1721 570 1728; x_wconf 91' lang='lat'><strong><em>-—</em></strong></span> <span class='ocrx_word' id='word_1_106' title='bbox 604 1709 633 1740; x_wconf 88' lang='lat' dir='ltr'><strong><em>a</em></strong></span> <span class='ocrx_word' id='word_1_107' title='bbox 665 1711 713 1740; x_wconf 81' lang='lat' dir='ltr'><strong><em>se</em></strong></span> <span class='ocrx_word' id='word_1_108' title='bbox 751 1699 825 1754; x_wconf 90' lang='lat'><strong><em>(=</em></strong></span> <span class='ocrx_word' id='word_1_109' title='bbox 842 1696 966 1741; x_wconf 89' lang='lat' dir='ltr'><strong><em>inter</em></strong></span> 
     </span>
     <span class='ocr_line' id='line_1_17' title="bbox 193 1753 961 1812; baseline 0.003 -14"><span class='ocrx_word' id='word_1_110' title='bbox 193 1757 258 1807; x_wconf 85' lang='lat' dir='ltr'><strong><em>se)</em></strong></span> <span class='ocrx_word' id='word_1_111' title='bbox 291 1754 474 1799; x_wconf 86' lang='lat' dir='ltr'><strong><em>differre</em></strong></span> <span class='ocrx_word' id='word_1_112' title='bbox 506 1754 564 1810; x_wconf 95' lang='grc' dir='ltr'><strong><em>ΙΙ,</em></strong></span> <span class='ocrx_word' id='word_1_113' title='bbox 599 1760 653 1799; x_wconf 93' lang='grc'><strong><em>11</em></strong></span> <span class='ocrx_word' id='word_1_114' title='bbox 688 1757 876 1812; x_wconf 82' lang='grc' dir='ltr'>(διοίσει</span> <span class='ocrx_word' id='word_1_115' title='bbox 905 1753 961 1800; x_wconf 87' lang='grc' dir='ltr'><strong><em>τὸ</em></strong></span> 
     </span>
     <span class='ocr_line' id='line_1_18' title="bbox 191 1809 960 1870; baseline 0.005 -13"><span class='ocrx_word' id='word_1_116' title='bbox 191 1811 351 1864; x_wconf 80' lang='grc' dir='ltr'><em>πάθος</em></span> <span class='ocrx_word' id='word_1_117' title='bbox 391 1809 571 1858; x_wconf 76' lang='grc' dir='ltr'><strong><em>αὑτοῦ</em></strong></span> <span class='ocrx_word' id='word_1_118' title='bbox 613 1814 714 1859; x_wconf 74' lang='lat' dir='ltr'><strong>Sor.</strong></span> <span class='ocrx_word' id='word_1_119' title='bbox 747 1817 868 1869; x_wconf 77' lang='lat'><strong><em>224,</em></strong></span> <span class='ocrx_word' id='word_1_120' title='bbox 898 1818 960 1870; x_wconf 85' lang='lat'><strong><em>9).</em></strong></span> 
     </span>
     <span class='ocr_line' id='line_1_19' title="bbox 198 1874 963 1929; baseline 0.003 -13"><span class='ocrx_word' id='word_1_121' title='bbox 198 1877 267 1917; x_wconf 87' lang='lat'><strong><em>30.</em></strong></span> <span class='ocrx_word' id='word_1_122' title='bbox 333 1874 611 1929; x_wconf 73' lang='lat' dir='ltr'><strong><em>separantur</em></strong></span> <span class='ocrx_word' id='word_1_123' title='bbox 649 1875 808 1918; x_wconf 88' lang='lat' dir='ltr'><strong><em>autem</em></strong></span> <span class='ocrx_word' id='word_1_124' title='bbox 847 1889 876 1918; x_wconf 88' lang='lat' dir='ltr'><strong><em>a</em></strong></span> <span class='ocrx_word' id='word_1_125' title='bbox 915 1888 963 1919; x_wconf 83' lang='lat' dir='ltr'><strong><em>se</em></strong></span> 
     </span>
     <span class='ocr_line' id='line_1_20' title="bbox 194 1931 962 1989; baseline 0.001 -14"><span class='ocrx_word' id='word_1_126' title='bbox 194 1931 253 1975; x_wconf 86' lang='lat' dir='ltr'><strong><em>ab</em></strong></span> <span class='ocrx_word' id='word_1_127' title='bbox 285 1944 340 1977; x_wconf 89' lang='lat' dir='ltr'><strong><em>eo</em></strong></span> <span class='ocrx_word' id='word_1_128' title='bbox 373 1936 496 1988; x_wconf 83' lang='lat' dir='ltr'><strong><em>(mox</em></strong></span> <span class='ocrx_word' id='word_1_129' title='bbox 520 1946 575 1976; x_wconf 88' lang='lat' dir='ltr'><strong><em>ex</em></strong></span> <span class='ocrx_word' id='word_1_130' title='bbox 599 1935 672 1989; x_wconf 88' lang='lat' dir='ltr'><strong><em>eo)</em></strong></span> <span class='ocrx_word' id='word_1_131' title='bbox 699 1933 825 1989; x_wconf 89' lang='lat' dir='ltr'><strong><em>quod</em></strong></span> <span class='ocrx_word' id='word_1_132' title='bbox 847 1932 906 1988; x_wconf 90' lang='grc' dir='ltr'><strong><em>ΙΙ,</em></strong></span> <span class='ocrx_word' id='word_1_133' title='bbox 920 1938 962 1977; x_wconf 89' lang='grc'><strong>4.</strong></span> 
     </span>
     <span class='ocr_line' id='line_1_21' title="bbox 168 1992 965 2048; baseline 0 -13"><span class='ocrx_word' id='word_1_134' title='bbox 168 2002 245 2035; x_wconf 74' lang='lat' dir='ltr'><strong><em>·a=</em></strong></span> <span class='ocrx_word' id='word_1_135' title='bbox 299 1992 489 2035; x_wconf 86' lang='lat' dir='ltr'><strong><em>nomina</em></strong></span> <span class='ocrx_word' id='word_1_136' title='bbox 525 2004 593 2048; x_wconf 70' lang='lat' dir='ltr'><strong>qr.</strong></span> <span class='ocrx_word' id='word_1_137' title='bbox 628 1996 779 2037; x_wconf 80' lang='lat' dir='ltr'><strong><em>neutr.</em></strong></span> <span class='ocrx_word' id='word_1_138' title='bbox 820 1993 873 2036; x_wconf 89' lang='lat' dir='ltr'><strong><em>in</em></strong></span> <span class='ocrx_word' id='word_1_139' title='bbox 918 2005 965 2035; x_wconf 88' lang='lat' dir='ltr'><strong><em>-a</em></strong></span> 
     </span>
     <span class='ocr_line' id='line_1_22' title="bbox 189 2050 966 2107; baseline 0.003 -13"><span class='ocrx_word' id='word_1_140' title='bbox 189 2062 281 2107; x_wconf 82' lang='lat' dir='ltr'><strong><em>pro</em></strong></span> <span class='ocrx_word' id='word_1_141' title='bbox 333 2050 435 2105; x_wconf 76' lang='lat' dir='ltr'><strong><em>fem.</em></strong></span> <span class='ocrx_word' id='word_1_142' title='bbox 490 2051 625 2107; x_wconf 72' lang='lat' dir='ltr'><strong><em>vnlyo</em></strong></span> <span class='ocrx_word' id='word_1_143' title='bbox 674 2056 862 2107; x_wconf 86' lang='lat' dir='ltr'><strong><em>accepta</em></strong></span> <span class='ocrx_word' id='word_1_144' title='bbox 913 2052 966 2095; x_wconf 90' lang='lat' dir='ltr'><strong><em>in</em></strong></span> 
     </span>
     <span class='ocr_line' id='line_1_23' title="bbox 196 2109 964 2166; baseline 0.003 -13"><span class='ocrx_word' id='word_1_145' title='bbox 196 2109 322 2154; x_wconf 81' lang='lat' dir='ltr'><strong>codd.</strong></span> <span class='ocrx_word' id='word_1_146' title='bbox 354 2114 434 2155; x_wconf 80' lang='lat' dir='ltr'><strong><em>vet.</em></strong></span> <span class='ocrx_word' id='word_1_147' title='bbox 470 2110 546 2154; x_wconf 78' lang='lat' dir='ltr'><strong><em>bl:</em></strong></span> <span class='ocrx_word' id='word_1_148' title='bbox 601 2110 851 2166; x_wconf 77' lang='lat' dir='ltr'><strong><em>epithima,</em></strong></span> <span class='ocrx_word' id='word_1_149' title='bbox 885 2124 964 2155; x_wconf 87' lang='lat' dir='ltr'><strong><em>en-</em></strong></span> 
     </span>
     <span class='ocr_line' id='line_1_24' title="bbox 194 2168 963 2226; baseline -0.001 -14"><span class='ocrx_word' id='word_1_150' title='bbox 194 2168 404 2223; x_wconf 84' lang='lat' dir='ltr'><strong><em>catisma,</em></strong></span> <span class='ocrx_word' id='word_1_151' title='bbox 439 2168 642 2212; x_wconf 86' lang='lat' dir='ltr'><strong><em>sintoma</em></strong></span> <span class='ocrx_word' id='word_1_152' title='bbox 673 2169 882 2226; x_wconf 79' lang='lat' dir='ltr'><strong><em>(grandis</em></strong></span> <span class='ocrx_word' id='word_1_153' title='bbox 906 2169 963 2224; x_wconf 92' lang='lat' dir='ltr'><strong><em>II,</em></strong></span> 
     </span>
     <span class='ocr_line' id='line_1_25' title="bbox 192 2227 965 2283; baseline 0 -11"><span class='ocrx_word' id='word_1_154' title='bbox 192 2229 294 2283; x_wconf 86' lang='lat'><strong><em>25),</em></strong></span> <span class='ocrx_word' id='word_1_155' title='bbox 326 2227 593 2272; x_wconf 87' lang='lat' dir='ltr'><strong><em>condiloma</em></strong></span> <span class='ocrx_word' id='word_1_156' title='bbox 624 2232 703 2272; x_wconf 82' lang='lat' dir='ltr'><strong><em>etc.</em></strong></span> <span class='ocrx_word' id='word_1_157' title='bbox 736 2252 790 2260; x_wconf 79' lang='lat'>—</span> <span class='ocrx_word' id='word_1_158' title='bbox 822 2230 965 2273; x_wconf 90' lang='lat' dir='ltr'><strong><em>nomi-</em></strong></span> 
     </span>
     <span class='ocr_line' id='line_1_26' title="bbox 193 2286 966 2344; baseline 0.003 -14"><span class='ocrx_word' id='word_1_159' title='bbox 193 2300 304 2331; x_wconf 81' lang='lat' dir='ltr'><strong><em>num</em></strong></span> <span class='ocrx_word' id='word_1_160' title='bbox 342 2301 410 2344; x_wconf 81' lang='lat' dir='ltr'><strong>9r.</strong></span> <span class='ocrx_word' id='word_1_161' title='bbox 451 2288 505 2331; x_wconf 90' lang='lat' dir='ltr'><strong><em>in</em></strong></span> <span class='ocrx_word' id='word_1_162' title='bbox 535 2286 595 2330; x_wconf 85' lang='lat' dir='ltr'><strong><em>-is</em></strong></span> <span class='ocrx_word' id='word_1_163' title='bbox 627 2288 727 2342; x_wconf 80' lang='lat' dir='ltr'><strong><em>fem.</em></strong></span> <span class='ocrx_word' id='word_1_164' title='bbox 759 2300 880 2332; x_wconf 81' lang='lat' dir='ltr'><strong><em>nova</em></strong></span> <span class='ocrx_word' id='word_1_165' title='bbox 910 2301 966 2332; x_wconf 77' lang='lat' dir='ltr'><strong><em>ex</em></strong></span> 
     </span>
     <span class='ocr_line' id='line_1_27' title="bbox 194 2346 965 2402; baseline 0 -12"><span class='ocrx_word' id='word_1_166' title='bbox 194 2358 287 2390; x_wconf 88' lang='lat' dir='ltr'><strong><em>cas.</em></strong></span> <span class='ocrx_word' id='word_1_167' title='bbox 331 2346 416 2390; x_wconf 79' lang='lat' dir='ltr'><strong>obl.</strong></span> <span class='ocrx_word' id='word_1_168' title='bbox 459 2347 650 2391; x_wconf 86' lang='lat' dir='ltr'><strong><em>nomina</em></strong></span> <span class='ocrx_word' id='word_1_169' title='bbox 690 2347 742 2390; x_wconf 90' lang='lat' dir='ltr'><strong><em>in</em></strong></span> <span class='ocrx_word' id='word_1_170' title='bbox 784 2360 863 2402; x_wconf 91' lang='lat' dir='ltr'><strong><em>-a,</em></strong></span> <span class='ocrx_word' id='word_1_171' title='bbox 911 2351 965 2390; x_wconf 81' lang='lat' dir='ltr'><strong><em>nt</em></strong></span> 
     </span>
     <span class='ocr_line' id='line_1_28' title="bbox 193 2404 960 2462; baseline 0.001 -13"><span class='ocrx_word' id='word_1_172' title='bbox 193 2404 519 2462; x_wconf 80' lang='lat' dir='ltr'><strong><em>ypoquistida‚</em></strong></span> <span class='ocrx_word' id='word_1_173' title='bbox 576 2405 839 2449; x_wconf 87' lang='lat' dir='ltr'><strong><em>emorroida</em></strong></span> <span class='ocrx_word' id='word_1_174' title='bbox 883 2409 960 2450; x_wconf 84' lang='lat' dir='ltr'><strong><em>etc.</em></strong></span> 
     </span>
     <span class='ocr_line' id='line_1_29' title="bbox 196 2465 962 2510; baseline 0.001 -3"><span class='ocrx_word' id='word_1_175' title='bbox 196 2490 252 2496; x_wconf 88' lang='lat'><strong><em>-—</em></strong></span> <span class='ocrx_word' id='word_1_176' title='bbox 293 2467 454 2508; x_wconf 82' lang='lat' dir='ltr'><strong><em>contra</em></strong></span> <span class='ocrx_word' id='word_1_177' title='bbox 489 2468 656 2509; x_wconf 78' lang='lat' dir='ltr'><strong><em>neutra</em></strong></span> <span class='ocrx_word' id='word_1_178' title='bbox 695 2466 772 2510; x_wconf 80' lang='lat' dir='ltr'><strong>lat.</strong></span> <span class='ocrx_word' id='word_1_179' title='bbox 805 2465 859 2508; x_wconf 91' lang='lat' dir='ltr'><strong><em>in</em></strong></span> <span class='ocrx_word' id='word_1_180' title='bbox 890 2479 962 2508; x_wconf 89' lang='lat' dir='ltr'><strong><em>-us</em></strong></span> 
     </span>
     <span class='ocr_line' id='line_1_30' title="bbox 186 2523 964 2579; baseline 0.001 -12"><span class='ocrx_word' id='word_1_181' title='bbox 186 2533 277 2579; x_wconf 84' lang='lat' dir='ltr'><strong><em>pro</em></strong></span> <span class='ocrx_word' id='word_1_182' title='bbox 315 2536 466 2577; x_wconf 68' lang='lat' dir='ltr'><strong><em>masc„</em></strong></span> <span class='ocrx_word' id='word_1_183' title='bbox 497 2528 550 2567; x_wconf 76' lang='lat' dir='ltr'><strong><em>ut</em></strong></span> <span class='ocrx_word' id='word_1_184' title='bbox 579 2523 661 2567; x_wconf 89' lang='lat' dir='ltr'><strong><em>ubi</em></strong></span> <span class='ocrx_word' id='word_1_185' title='bbox 691 2524 858 2568; x_wconf 82' lang='lat' dir='ltr'><strong><em>vulnus</em></strong></span> <span class='ocrx_word' id='word_1_186' title='bbox 892 2525 964 2568; x_wconf 83' lang='lat' dir='ltr'><strong><em>est</em></strong></span> 
     </span>
     <span class='ocr_line' id='line_1_31' title="bbox 193 2579 962 2638; baseline 0.003 -12"><span class='ocrx_word' id='word_1_187' title='bbox 193 2579 373 2638; x_wconf 82' lang='lat' dir='ltr'><strong><em>positus</em></strong></span> <span class='ocrx_word' id='word_1_188' title='bbox 421 2582 471 2626; x_wconf 79' lang='lat' dir='ltr'><strong><em>bl</em></strong></span> <span class='ocrx_word' id='word_1_189' title='bbox 516 2581 580 2637; x_wconf 89' lang='lat' dir='ltr'><strong><em>H,</em></strong></span> <span class='ocrx_word' id='word_1_190' title='bbox 606 2587 662 2626; x_wconf 84' lang='lat'><strong><em>22</em></strong></span> <span class='ocrx_word' id='word_1_191' title='bbox 702 2587 744 2628; x_wconf 80' lang='lat' dir='ltr'><strong><em>et</em></strong></span> <span class='ocrx_word' id='word_1_192' title='bbox 773 2583 872 2628; x_wconf 88' lang='lat' dir='ltr'><strong><em>sim.</em></strong></span> <span class='ocrx_word' id='word_1_193' title='bbox 906 2608 962 2614; x_wconf 89' lang='lat'>—</span> 
     </span>
     <span class='ocr_line' id='line_1_32' title="bbox 194 2641 965 2698; baseline 0.003 -13"><span class='ocrx_word' id='word_1_194' title='bbox 194 2645 359 2685; x_wconf 79' lang='lat' dir='ltr'><strong><em>neutra</em></strong></span> <span class='ocrx_word' id='word_1_195' title='bbox 390 2641 471 2686; x_wconf 80' lang='lat' dir='ltr'><strong><em>lat.</em></strong></span> <span class='ocrx_word' id='word_1_196' title='bbox 497 2641 568 2684; x_wconf 92' lang='lat' dir='ltr'><strong><em>II</em></strong></span> <span class='ocrx_word' id='word_1_197' title='bbox 587 2642 640 2686; x_wconf 94' lang='lat' dir='ltr'><strong><em>in</em></strong></span> <span class='ocrx_word' id='word_1_198' title='bbox 663 2656 763 2685; x_wconf 88' lang='lat' dir='ltr'><strong><em>-um</em></strong></span> <span class='ocrx_word' id='word_1_199' title='bbox 786 2642 965 2698; x_wconf 89' lang='lat' dir='ltr'><strong><em>passim</em></strong></span> 
     </span>
     <span class='ocr_line' id='line_1_33' title="bbox 195 2701 966 2757; baseline 0 -13"><span class='ocrx_word' id='word_1_200' title='bbox 195 2704 435 2744; x_wconf 71' lang='lat' dir='ltr'><strong><em>mutantur</em></strong></span> <span class='ocrx_word' id='word_1_201' title='bbox 480 2701 533 2744; x_wconf 93' lang='lat' dir='ltr'><strong><em>in</em></strong></span> <span class='ocrx_word' id='word_1_202' title='bbox 582 2715 656 2744; x_wconf 84' lang='lat' dir='ltr'><strong><em>-us</em></strong></span> <span class='ocrx_word' id='word_1_203' title='bbox 702 2714 839 2746; x_wconf 88' lang='lat' dir='ltr'><strong><em>masc.</em></strong></span> <span class='ocrx_word' id='word_1_204' title='bbox 897 2702 966 2757; x_wconf 79' lang='lat' dir='ltr'><strong><em>(nt</em></strong></span> 
     </span>
     <span class='ocr_line' id='line_1_34' title="bbox 202 2759 964 2814; baseline 0.001 -11"><span class='ocrx_word' id='word_1_205' title='bbox 202 2759 263 2803; x_wconf 81' lang='lat' dir='ltr'><strong><em>ad</em></strong></span> <span class='ocrx_word' id='word_1_206' title='bbox 292 2772 438 2804; x_wconf 77' lang='lat' dir='ltr'><strong><em>unum</em></strong></span> <span class='ocrx_word' id='word_1_207' title='bbox 467 2759 561 2814; x_wconf 80' lang='lat' dir='ltr'><strong><em>fere</em></strong></span> <span class='ocrx_word' id='word_1_208' title='bbox 592 2761 747 2804; x_wconf 88' lang='lat' dir='ltr'><strong><em>omnia</em></strong></span> <span class='ocrx_word' id='word_1_209' title='bbox 777 2761 829 2804; x_wconf 90' lang='lat' dir='ltr'><strong><em>in</em></strong></span> <span class='ocrx_word' id='word_1_210' title='bbox 863 2759 964 2804; x_wconf 85' lang='lat' dir='ltr'><strong><em>Ori—</em></strong></span> 
     </span>
     <span class='ocr_line' id='line_1_35' title="bbox 200 2818 966 2875; baseline 0.004 -14"><span class='ocrx_word' id='word_1_211' title='bbox 200 2818 327 2862; x_wconf 84' lang='lat' dir='ltr'><strong><em>basio</em></strong></span> <span class='ocrx_word' id='word_1_212' title='bbox 374 2818 542 2872; x_wconf 81' lang='lat' dir='ltr'><strong><em>latino,</em></strong></span> <span class='ocrx_word' id='word_1_213' title='bbox 584 2832 731 2875; x_wconf 87' lang='lat' dir='ltr'><strong><em>paene</em></strong></span> <span class='ocrx_word' id='word_1_214' title='bbox 769 2819 966 2864; x_wconf 78' lang='lat' dir='ltr'><strong><em>eaetincto</em></strong></span> 
     </span>
     <span class='ocr_line' id='line_1_36' title="bbox 198 2877 602 2934; baseline 0 -14"><span class='ocrx_word' id='word_1_215' title='bbox 198 2880 358 2922; x_wconf 78' lang='lat' dir='ltr'><strong><em>neutro</em></strong></span> <span class='ocrx_word' id='word_1_216' title='bbox 388 2877 441 2921; x_wconf 91' lang='lat' dir='ltr'><strong><em>in</em></strong></span> <span class='ocrx_word' id='word_1_217' title='bbox 471 2879 602 2934; x_wconf 87' lang='lat' dir='ltr'><strong>-um).</strong></span> 
     </span>
    </p>
   </div>
   <div class='ocr_carea' id='block_1_4' title="bbox 1054 1047 1856 2932">
    <p class='ocr_par' dir='ltr' id='par_1_4' title="bbox 1054 1047 1856 2932">
     <span class='ocr_line' id='line_1_37' title="bbox 1055 1047 1810 1107; baseline 0.003 -15"><span class='ocrx_word' id='word_1_218' title='bbox 1055 1047 1347 1094; x_wconf 81' lang='lat' dir='ltr'><strong><em>aborsoriae</em></strong></span> <span class='ocrx_word' id='word_1_219' title='bbox 1378 1063 1453 1094; x_wconf 85' lang='lat' dir='ltr'><strong><em>res</em></strong></span> <span class='ocrx_word' id='word_1_220' title='bbox 1486 1047 1707 1107; x_wconf 76' lang='grc' dir='ltr'><strong>(φθόρια)</strong></span> <span class='ocrx_word' id='word_1_221' title='bbox 1739 1055 1810 1095; x_wconf 83' lang='grc'><strong>57.</strong></span> 
     </span>
     <span class='ocr_line' id='line_1_38' title="bbox 1054 1107 1852 1166; baseline 0 -14"><span class='ocrx_word' id='word_1_222' title='bbox 1054 1107 1265 1152; x_wconf 79' lang='lat' dir='ltr'><strong><em>aborsus</em></strong></span> <span class='ocrx_word' id='word_1_223' title='bbox 1298 1111 1371 1164; x_wconf 85' lang='lat'><strong><em>&lt;=</em></strong></span> <span class='ocrx_word' id='word_1_224' title='bbox 1397 1109 1606 1166; x_wconf 75' lang='lat' dir='ltr'><strong><em>abortus)</em></strong></span> <span class='ocrx_word' id='word_1_225' title='bbox 1639 1114 1708 1154; x_wconf 83' lang='lat'><strong><em>56.</em></strong></span> <span class='ocrx_word' id='word_1_226' title='bbox 1741 1110 1797 1166; x_wconf 89' lang='grc' dir='ltr'><strong><em>ΙΙ,</em></strong></span> <span class='ocrx_word' id='word_1_227' title='bbox 1812 1115 1852 1154; x_wconf 92' lang='grc'><strong><em>2.</em></strong></span> 
     </span>
     <span class='ocr_line' id='line_1_39' title="bbox 1083 1171 1409 1213; baseline 0.006 -3"><span class='ocrx_word' id='word_1_228' title='bbox 1083 1171 1126 1211; x_wconf 85' lang='lat'><strong>4.</strong></span> <span class='ocrx_word' id='word_1_229' title='bbox 1160 1172 1199 1211; x_wconf 90' lang='grc'><strong><em>6.</em></strong></span> <span class='ocrx_word' id='word_1_230' title='bbox 1235 1172 1304 1212; x_wconf 91' lang='grc'><strong>10.</strong></span> <span class='ocrx_word' id='word_1_231' title='bbox 1340 1172 1409 1213; x_wconf 82' lang='grc'><strong><em>12.</em></strong></span> 
     </span>
     <span class='ocr_line' id='line_1_40' title="bbox 1054 1226 1712 1283; baseline 0.003 -13"><span class='ocrx_word' id='word_1_232' title='bbox 1054 1226 1249 1271; x_wconf 66' lang='lat' dir='ltr'><strong><em>aeficiat</em></strong></span> <span class='ocrx_word' id='word_1_233' title='bbox 1283 1227 1443 1283; x_wconf 86' lang='lat' dir='ltr'><strong><em>agatia</em></strong></span> <span class='ocrx_word' id='word_1_234' title='bbox 1472 1240 1642 1283; x_wconf 78' lang='lat' dir='ltr'><strong><em>semper</em></strong></span> <span class='ocrx_word' id='word_1_235' title='bbox 1674 1228 1712 1272; x_wconf 82' lang='lat' dir='ltr'><strong><em>b.</em></strong></span> 
     </span>
     <span class='ocr_line' id='line_1_41' title="bbox 1054 1285 1853 1342; baseline 0.001 -13"><span class='ocrx_word' id='word_1_236' title='bbox 1054 1285 1284 1342; x_wconf 83' lang='lat' dir='ltr'><strong><em>accipere</em></strong></span> <span class='ocrx_word' id='word_1_237' title='bbox 1303 1286 1702 1341; x_wconf 83' lang='lat' dir='ltr'><strong><em>(male=vexare,</em></strong></span> <span class='ocrx_word' id='word_1_238' title='bbox 1733 1286 1853 1330; x_wconf 85' lang='lat' dir='ltr'><strong><em>bene</em></strong></span> 
     </span>
     <span class='ocr_line' id='line_1_42' title="bbox 1083 1344 1854 1402; baseline 0 -14"><span class='ocrx_word' id='word_1_239' title='bbox 1083 1365 1140 1381; x_wconf 92' lang='lat'>=</span> <span class='ocrx_word' id='word_1_240' title='bbox 1158 1344 1362 1401; x_wconf 81' lang='lat' dir='ltr'><strong><em>sedare):</em></strong></span> <span class='ocrx_word' id='word_1_241' title='bbox 1386 1345 1621 1389; x_wconf 80' lang='lat' dir='ltr'><strong><em>masculos</em></strong></span> <span class='ocrx_word' id='word_1_242' title='bbox 1637 1345 1854 1402; x_wconf 84' lang='lat' dir='ltr'><strong><em>frequens</em></strong></span> 
     </span>
     <span class='ocr_line' id='line_1_43' title="bbox 1086 1402 1855 1460; baseline 0.001 -13"><span class='ocrx_word' id='word_1_243' title='bbox 1086 1403 1234 1447; x_wconf 82' lang='lat' dir='ltr'><strong><em>coitus</em></strong></span> <span class='ocrx_word' id='word_1_244' title='bbox 1276 1402 1400 1447; x_wconf 88' lang='lat' dir='ltr'><strong><em>male</em></strong></span> <span class='ocrx_word' id='word_1_245' title='bbox 1441 1403 1615 1460; x_wconf 86' lang='lat' dir='ltr'><strong><em>accipit</em></strong></span> <span class='ocrx_word' id='word_1_246' title='bbox 1653 1409 1724 1448; x_wconf 85' lang='grc'><strong>30.</strong></span> <span class='ocrx_word' id='word_1_247' title='bbox 1795 1418 1855 1449; x_wconf 90' lang='lat' dir='ltr'><strong><em>ne</em></strong></span> 
     </span>
     <span class='ocr_line' id='line_1_44' title="bbox 1094 1461 1851 1520; baseline -0.001 -12"><span class='ocrx_word' id='word_1_248' title='bbox 1094 1498 1104 1508; x_wconf 89' lang='lat'><strong><em>.</em></strong></span> <span class='ocrx_word' id='word_1_249' title='bbox 1124 1498 1133 1507; x_wconf 95' lang='lat'><strong><em>.</em></strong></span> <span class='ocrx_word' id='word_1_250' title='bbox 1154 1462 1299 1507; x_wconf 86' lang='lat' dir='ltr'><strong><em>.male</em></strong></span> <span class='ocrx_word' id='word_1_251' title='bbox 1347 1461 1635 1520; x_wconf 73' lang='lat' dir='ltr'><strong><em>accipiantur</em></strong></span> <span class='ocrx_word' id='word_1_252' title='bbox 1678 1462 1851 1520; x_wconf 87' lang='lat' dir='ltr'><strong><em>(didae)</em></strong></span> 
     </span>
     <span class='ocr_line' id='line_1_45' title="bbox 1084 1520 1848 1578; baseline 0.001 -14"><span class='ocrx_word' id='word_1_253' title='bbox 1084 1525 1156 1577; x_wconf 88' lang='lat'><strong><em>44,</em></strong></span> <span class='ocrx_word' id='word_1_254' title='bbox 1190 1521 1328 1578; x_wconf 90' lang='lat' dir='ltr'><strong><em>(pori)</em></strong></span> <span class='ocrx_word' id='word_1_255' title='bbox 1355 1526 1454 1565; x_wconf 84' lang='grc'><strong>106.</strong></span> <span class='ocrx_word' id='word_1_256' title='bbox 1488 1535 1547 1565; x_wconf 89' lang='lat' dir='ltr'><strong><em>ne</em></strong></span> <span class='ocrx_word' id='word_1_257' title='bbox 1580 1520 1848 1566; x_wconf 73' lang='lat' dir='ltr'><strong><em>constrictio</em></strong></span> 
     </span>
     <span class='ocr_line' id='line_1_46' title="bbox 1084 1579 1854 1637; baseline 0.001 -14"><span class='ocrx_word' id='word_1_258' title='bbox 1084 1580 1209 1623; x_wconf 87' lang='lat' dir='ltr'><strong><em>male</em></strong></span> <span class='ocrx_word' id='word_1_259' title='bbox 1257 1594 1335 1624; x_wconf 82' lang='lat' dir='ltr'><strong><em>eos</em></strong></span> <span class='ocrx_word' id='word_1_260' title='bbox 1376 1579 1576 1637; x_wconf 83' lang='lat' dir='ltr'><strong><em>accipiat</em></strong></span> <span class='ocrx_word' id='word_1_261' title='bbox 1607 1585 1675 1624; x_wconf 86' lang='grc'><strong>79.</strong></span> <span class='ocrx_word' id='word_1_262' title='bbox 1740 1580 1854 1624; x_wconf 80' lang='lat' dir='ltr'><strong><em>dicis</em></strong></span> 
     </span>
     <span class='ocr_line' id='line_1_47' title="bbox 1083 1638 1849 1696; baseline 0.003 -14"><span class='ocrx_word' id='word_1_263' title='bbox 1083 1638 1315 1683; x_wconf 86' lang='lat' dir='ltr'><strong><em>infantem</em></strong></span> <span class='ocrx_word' id='word_1_264' title='bbox 1346 1639 1470 1683; x_wconf 89' lang='lat' dir='ltr'><strong><em>male</em></strong></span> <span class='ocrx_word' id='word_1_265' title='bbox 1503 1638 1653 1696; x_wconf 82' lang='lat' dir='ltr'><strong><em>accipi</em></strong></span> <span class='ocrx_word' id='word_1_266' title='bbox 1685 1639 1724 1682; x_wconf 79' lang='lat' dir='ltr'><strong><em>si</em></strong></span> <span class='ocrx_word' id='word_1_267' title='bbox 1749 1675 1759 1684; x_wconf 95' lang='lat'><strong><em>.</em></strong></span> <span class='ocrx_word' id='word_1_268' title='bbox 1779 1675 1788 1684; x_wconf 95' lang='lat'><strong><em>.</em></strong></span> <span class='ocrx_word' id='word_1_269' title='bbox 1809 1675 1818 1684; x_wconf 89' lang='lat'><strong><em>.</em></strong></span> <span class='ocrx_word' id='word_1_270' title='bbox 1838 1674 1849 1693; x_wconf 87' lang='lat'>,</span> 
     </span>
     <span class='ocr_line' id='line_1_48' title="bbox 1086 1698 1856 1744; baseline 0 -3"><span class='ocrx_word' id='word_1_271' title='bbox 1086 1711 1191 1742; x_wconf 88' lang='lat' dir='ltr'><strong><em>cum</em></strong></span> <span class='ocrx_word' id='word_1_272' title='bbox 1221 1699 1295 1742; x_wconf 84' lang='lat' dir='ltr'><strong><em>tot</em></strong></span> <span class='ocrx_word' id='word_1_273' title='bbox 1324 1698 1560 1743; x_wconf 86' lang='lat' dir='ltr'><strong><em>mensibus</em></strong></span> <span class='ocrx_word' id='word_1_274' title='bbox 1578 1734 1588 1744; x_wconf 92' lang='lat'><strong><em>.</em></strong></span> <span class='ocrx_word' id='word_1_275' title='bbox 1608 1734 1617 1743; x_wconf 93' lang='lat'><strong><em>.</em></strong></span> <span class='ocrx_word' id='word_1_276' title='bbox 1638 1734 1647 1743; x_wconf 91' lang='lat'><strong><em>.</em></strong></span> <span class='ocrx_word' id='word_1_277' title='bbox 1667 1712 1762 1742; x_wconf 88' lang='lat' dir='ltr'><strong><em>non</em></strong></span> <span class='ocrx_word' id='word_1_278' title='bbox 1793 1699 1856 1742; x_wconf 83' lang='lat' dir='ltr'><strong><em>sit</em></strong></span> 
     </span>
     <span class='ocr_line' id='line_1_49' title="bbox 1083 1755 1854 1814; baseline 0 -14"><span class='ocrx_word' id='word_1_279' title='bbox 1083 1755 1206 1800; x_wconf 89' lang='lat' dir='ltr'><strong><em>male</em></strong></span> <span class='ocrx_word' id='word_1_280' title='bbox 1254 1758 1470 1814; x_wconf 85' lang='lat' dir='ltr'><strong><em>acceptus</em></strong></span> <span class='ocrx_word' id='word_1_281' title='bbox 1517 1762 1587 1801; x_wconf 87' lang='lat'><strong>91.</strong></span> <span class='ocrx_word' id='word_1_282' title='bbox 1657 1757 1854 1801; x_wconf 86' lang='lat' dir='ltr'><strong><em>vexatur</em></strong></span> 
     </span>
     <span class='ocr_line' id='line_1_50' title="bbox 1085 1814 1855 1872; baseline -0.003 -11"><span class='ocrx_word' id='word_1_283' title='bbox 1085 1817 1133 1861; x_wconf 87' lang='lat' dir='ltr'><strong><em>et</em></strong></span> <span class='ocrx_word' id='word_1_284' title='bbox 1155 1814 1278 1860; x_wconf 87' lang='lat' dir='ltr'><strong><em>male</em></strong></span> <span class='ocrx_word' id='word_1_285' title='bbox 1296 1816 1524 1872; x_wconf 83' lang='lat' dir='ltr'><strong><em>accipitur</em></strong></span> <span class='ocrx_word' id='word_1_286' title='bbox 1546 1821 1617 1860; x_wconf 89' lang='lat'><strong>91.</strong></span> <span class='ocrx_word' id='word_1_287' title='bbox 1650 1829 1855 1860; x_wconf 87' lang='lat' dir='ltr'><strong><em>mamma</em></strong></span> 
     </span>
     <span class='ocr_line' id='line_1_51' title="bbox 1084 1873 1746 1932; baseline 0.001 -14"><span class='ocrx_word' id='word_1_288' title='bbox 1084 1875 1208 1920; x_wconf 80' lang='lat' dir='ltr'><strong><em>male</em></strong></span> <span class='ocrx_word' id='word_1_289' title='bbox 1239 1874 1470 1919; x_wconf 80' lang='lat' dir='ltr'><strong><em>infantem</em></strong></span> <span class='ocrx_word' id='word_1_290' title='bbox 1503 1874 1675 1932; x_wconf 87' lang='lat' dir='ltr'><strong><em>accipit</em></strong></span> <span class='ocrx_word' id='word_1_291' title='bbox 1706 1873 1746 1917; x_wconf 81' lang='lat' dir='ltr'><strong><em>si</em></strong></span> 
     </span>
     <span class='ocr_line' id='line_1_52' title="bbox 1087 1932 1854 1990; baseline -0.001 -13"><span class='ocrx_word' id='word_1_292' title='bbox 1087 1937 1185 1979; x_wconf 91' lang='grc'><strong>107.</strong></span> <span class='ocrx_word' id='word_1_293' title='bbox 1228 1948 1416 1990; x_wconf 82' lang='lat' dir='ltr'><strong><em>corpus.</em></strong></span> <span class='ocrx_word' id='word_1_294' title='bbox 1436 1970 1445 1979; x_wconf 94' lang='lat'><strong><em>.</em></strong></span> <span class='ocrx_word' id='word_1_295' title='bbox 1467 1934 1610 1978; x_wconf 80' lang='lat' dir='ltr'><strong><em>,male</em></strong></span> <span class='ocrx_word' id='word_1_296' title='bbox 1627 1932 1854 1990; x_wconf 75' lang='lat' dir='ltr'><strong><em>accipitur</em></strong></span> 
     </span>
     <span class='ocr_line' id='line_1_53' title="bbox 1087 1992 1854 2038; baseline -0.001 -2"><span class='ocrx_word' id='word_1_297' title='bbox 1087 1992 1154 2037; x_wconf 82' lang='lat' dir='ltr'><strong><em>si.</em></strong></span> <span class='ocrx_word' id='word_1_298' title='bbox 1174 2029 1183 2038; x_wconf 95' lang='lat'><strong><em>.</em></strong></span> <span class='ocrx_word' id='word_1_299' title='bbox 1204 2028 1213 2038; x_wconf 89' lang='lat'><strong><em>.</em></strong></span> <span class='ocrx_word' id='word_1_300' title='bbox 1258 1997 1355 2037; x_wconf 89' lang='lat'><strong>122.</strong></span> <span class='ocrx_word' id='word_1_301' title='bbox 1417 1993 1554 2037; x_wconf 83' lang='lat' dir='ltr'><strong><em>rebus</em></strong></span> <span class='ocrx_word' id='word_1_302' title='bbox 1587 1992 1854 2037; x_wconf 79' lang='lat' dir='ltr'><strong><em>chalasticis</em></strong></span> 
     </span>
     <span class='ocr_line' id='line_1_54' title="bbox 1085 2051 1853 2096; baseline 0 -1"><span class='ocrx_word' id='word_1_303' title='bbox 1085 2052 1241 2096; x_wconf 84' lang='lat' dir='ltr'><strong><em>tumor</em></strong></span> <span class='ocrx_word' id='word_1_304' title='bbox 1278 2065 1589 2095; x_wconf 87' lang='lat' dir='ltr'><strong><em>mammarum</em></strong></span> <span class='ocrx_word' id='word_1_305' title='bbox 1626 2051 1746 2095; x_wconf 88' lang='lat' dir='ltr'><strong><em>bene</em></strong></span> <span class='ocrx_word' id='word_1_306' title='bbox 1778 2064 1853 2095; x_wconf 88' lang='lat' dir='ltr'><strong><em>ac-</em></strong></span> 
     </span>
     <span class='ocr_line' id='line_1_55' title="bbox 1087 2110 1806 2167; baseline -0.003 -12"><span class='ocrx_word' id='word_1_307' title='bbox 1087 2110 1259 2167; x_wconf 84' lang='lat' dir='ltr'><strong><em>cipitur</em></strong></span> <span class='ocrx_word' id='word_1_308' title='bbox 1292 2115 1359 2155; x_wconf 79' lang='lat'><strong><em>75.</em></strong></span> <span class='ocrx_word' id='word_1_309' title='bbox 1802 2143 1806 2147; x_wconf 88' lang='lat'><strong>.</strong></span> 
     </span>
     <span class='ocr_line' id='line_1_56' title="bbox 1056 2167 1853 2224; baseline -0.004 -10"><span class='ocrx_word' id='word_1_310' title='bbox 1056 2170 1376 2214; x_wconf 78' lang='lat' dir='ltr'><strong><em>acetabulum</em></strong></span> <span class='ocrx_word' id='word_1_311' title='bbox 1415 2169 1527 2224; x_wconf 90' lang='lat' dir='ltr'><strong><em>(olei</em></strong></span> <span class='ocrx_word' id='word_1_312' title='bbox 1552 2190 1606 2205; x_wconf 88' lang='lat'>=</span> <span class='ocrx_word' id='word_1_313' title='bbox 1631 2173 1659 2212; x_wconf 88' lang='lat'>4</span> <span class='ocrx_word' id='word_1_314' title='bbox 1692 2167 1853 2223; x_wconf 81' lang='lat' dir='ltr'><strong><em>cyathi</em></strong></span> 
     </span>
     <span class='ocr_line' id='line_1_57' title="bbox 1086 2228 1363 2285; baseline 0.004 -12"><span class='ocrx_word' id='word_1_315' title='bbox 1086 2228 1208 2285; x_wconf 81' lang='lat' dir='ltr'><strong>Sor.)</strong></span> <span class='ocrx_word' id='word_1_316' title='bbox 1239 2229 1296 2284; x_wconf 93' lang='lat' dir='ltr'><strong><em>II,</em></strong></span> <span class='ocrx_word' id='word_1_317' title='bbox 1325 2234 1363 2274; x_wconf 92' lang='lat'><strong><em>1.</em></strong></span> 
     </span>
     <span class='ocr_line' id='line_1_58' title="bbox 1056 2285 1850 2344; baseline -0.001 -12"><span class='ocrx_word' id='word_1_318' title='bbox 1056 2298 1201 2333; x_wconf 81' lang='lat' dir='ltr'><strong><em>aeros</em></strong></span> <span class='ocrx_word' id='word_1_319' title='bbox 1258 2290 1412 2344; x_wconf 83' lang='lat' dir='ltr'><strong><em>(agros</em></strong></span> <span class='ocrx_word' id='word_1_320' title='bbox 1468 2287 1544 2341; x_wconf 80' lang='lat' dir='ltr'><strong><em>bl)</em></strong></span> <span class='ocrx_word' id='word_1_321' title='bbox 1599 2285 1726 2330; x_wconf 79' lang='lat' dir='ltr'><strong><em>cibos</em></strong></span> <span class='ocrx_word' id='word_1_322' title='bbox 1780 2290 1850 2331; x_wconf 90' lang='grc'><strong>97.</strong></span> 
     </span>
     <span class='ocr_line' id='line_1_59' title="bbox 1086 2345 1851 2402; baseline -0.003 -12"><span class='ocrx_word' id='word_1_323' title='bbox 1086 2359 1245 2390; x_wconf 86' lang='lat' dir='ltr'><strong><em>acrum</em></strong></span> <span class='ocrx_word' id='word_1_324' title='bbox 1287 2348 1470 2402; x_wconf 84' lang='lat' dir='ltr'><strong><em>(agrum</em></strong></span> <span class='ocrx_word' id='word_1_325' title='bbox 1511 2345 1567 2389; x_wconf 78' lang='lat' dir='ltr'><strong><em>bl</em></strong></span> <span class='ocrx_word' id='word_1_326' title='bbox 1591 2365 1646 2381; x_wconf 93' lang='lat'>=</span> <span class='ocrx_word' id='word_1_327' title='bbox 1670 2358 1775 2389; x_wconf 89' lang='lat' dir='ltr'><strong><em>acre</em></strong></span> <span class='ocrx_word' id='word_1_328' title='bbox 1807 2345 1851 2398; x_wconf 84' lang='lat' dir='ltr'><strong><em>h)</em></strong></span> 
     </span>
     <span class='ocr_line' id='line_1_60' title="bbox 1084 2404 1852 2459; baseline -0.005 -10"><span class='ocrx_word' id='word_1_329' title='bbox 1084 2407 1269 2450; x_wconf 88' lang='lat' dir='ltr'><strong><em>acetum</em></strong></span> <span class='ocrx_word' id='word_1_330' title='bbox 1311 2404 1378 2459; x_wconf 94' lang='grc' dir='ltr'><strong><em>ΙΙ,</em></strong></span> <span class='ocrx_word' id='word_1_331' title='bbox 1403 2409 1444 2448; x_wconf 93' lang='lat'><strong><em>4.</em></strong></span> <span class='ocrx_word' id='word_1_332' title='bbox 1535 2404 1704 2448; x_wconf 88' lang='lat' dir='ltr'><strong><em>balneo</em></strong></span> <span class='ocrx_word' id='word_1_333' title='bbox 1738 2415 1852 2446; x_wconf 17' lang='lat' dir='ltr'><strong><em>*acro</em></strong></span> 
     </span>
     <span class='ocr_line' id='line_1_61' title="bbox 1084 2463 1585 2519; baseline -0.006 -11"><span class='ocrx_word' id='word_1_334' title='bbox 1084 2464 1272 2518; x_wconf 88' lang='lat' dir='ltr'><strong><em>(acrudo</em></strong></span> <span class='ocrx_word' id='word_1_335' title='bbox 1306 2464 1433 2519; x_wconf 69' lang='lat' dir='ltr'><em>bhlc)</em></span> <span class='ocrx_word' id='word_1_336' title='bbox 1465 2463 1522 2518; x_wconf 94' lang='lat' dir='ltr'><strong><em>II,</em></strong></span> <span class='ocrx_word' id='word_1_337' title='bbox 1546 2467 1585 2506; x_wconf 94' lang='lat'><strong><em>1.</em></strong></span> 
     </span>
     <span class='ocr_line' id='line_1_62' title="bbox 1054 2518 1852 2579; baseline -0.009 -11"><span class='ocrx_word' id='word_1_338' title='bbox 1054 2534 1174 2568; x_wconf 76' lang='lat' dir='ltr'><strong><em>acra</em></strong></span> <span class='ocrx_word' id='word_1_339' title='bbox 1236 2518 1396 2579; x_wconf 75' lang='grc' dir='ltr'><strong>(ἄκρα)</strong></span> <span class='ocrx_word' id='word_1_340' title='bbox 1456 2521 1675 2565; x_wconf 81' lang='lat' dir='ltr'><strong><em>universa</em></strong></span> <span class='ocrx_word' id='word_1_341' title='bbox 1733 2519 1791 2574; x_wconf 93' lang='grc' dir='ltr'><strong><em>ΙΙ,</em></strong></span> <span class='ocrx_word' id='word_1_342' title='bbox 1823 2524 1852 2562; x_wconf 82' lang='grc'>4</span> 
     </span>
     <span class='ocr_line' id='line_1_63' title="bbox 1084 2580 1851 2639; baseline -0.005 -14"><span class='ocrx_word' id='word_1_343' title='bbox 1084 2586 1216 2638; x_wconf 85' lang='lat' dir='ltr'><strong><em>(agra</em></strong></span> <span class='ocrx_word' id='word_1_344' title='bbox 1261 2583 1319 2639; x_wconf 88' lang='lat' dir='ltr'><strong>b).</strong></span> <span class='ocrx_word' id='word_1_345' title='bbox 1370 2586 1426 2625; x_wconf 91' lang='lat'><strong><em>10</em></strong></span> <span class='ocrx_word' id='word_1_346' title='bbox 1473 2580 1589 2637; x_wconf 84' lang='lat' dir='ltr'><strong>(Sor.</strong></span> <span class='ocrx_word' id='word_1_347' title='bbox 1629 2582 1748 2632; x_wconf 85' lang='grc'><strong>230,</strong></span> <span class='ocrx_word' id='word_1_348' title='bbox 1778 2582 1851 2622; x_wconf 87' lang='grc'><strong><em>11.</em></strong></span> 
     </span>
     <span class='ocr_line' id='line_1_64' title="bbox 1084 2639 1790 2698; baseline -0.01 -12"><span class='ocrx_word' id='word_1_349' title='bbox 1084 2644 1195 2695; x_wconf 88' lang='grc'><strong>218,</strong></span> <span class='ocrx_word' id='word_1_350' title='bbox 1218 2643 1278 2698; x_wconf 91' lang='grc'><strong>1).</strong></span> <span class='ocrx_word' id='word_1_351' title='bbox 1342 2653 1450 2684; x_wconf 87' lang='lat' dir='ltr'><strong><em>acra</em></strong></span> <span class='ocrx_word' id='word_1_352' title='bbox 1480 2652 1638 2684; x_wconf 85' lang='lat' dir='ltr'><strong><em>eorum</em></strong></span> <span class='ocrx_word' id='word_1_353' title='bbox 1668 2639 1725 2690; x_wconf 93' lang='lat' dir='ltr'><strong><em>II,</em></strong></span> <span class='ocrx_word' id='word_1_354' title='bbox 1751 2641 1790 2680; x_wconf 90' lang='lat'><strong><em>2.</em></strong></span> 
     </span>
     <span class='ocr_line' id='line_1_65' title="bbox 1055 2695 1850 2756; baseline -0.008 -12"><span class='ocrx_word' id='word_1_355' title='bbox 1055 2700 1238 2744; x_wconf 78' lang='lat' dir='ltr'><strong><em>acredo</em></strong></span> <span class='ocrx_word' id='word_1_356' title='bbox 1263 2699 1494 2756; x_wconf 73' lang='lat' dir='ltr'><strong><em>(humoris,</em></strong></span> <span class='ocrx_word' id='word_1_357' title='bbox 1518 2695 1850 2750; x_wconf 85' lang='lat' dir='ltr'><strong><em>medicaminis)</em></strong></span> 
     </span>
     <span class='ocr_line' id='line_1_66' title="bbox 1084 2772 1226 2815; baseline 0.007 -12"><span class='ocrx_word' id='word_1_358' title='bbox 1084 2772 1226 2815; x_wconf 85' lang='lat' dir='ltr'><strong><em>saepe.</em></strong></span> 
     </span>
     <span class='ocr_line' id='line_1_67' title="bbox 1056 2813 1852 2883; baseline -0.008 -22"><span class='ocrx_word' id='word_1_359' title='bbox 1056 2817 1243 2862; x_wconf 82' lang='lat' dir='ltr'><strong><em>acrudo</em></strong></span> <span class='ocrx_word' id='word_1_360' title='bbox 1283 2817 1383 2872; x_wconf 85' lang='lat' dir='ltr'><strong><em>(sic)</em></strong></span> <span class='ocrx_word' id='word_1_361' title='bbox 1416 2815 1481 2869; x_wconf 89' lang='lat' dir='ltr'><strong><em>II,</em></strong></span> <span class='ocrx_word' id='word_1_362' title='bbox 1509 2821 1555 2869; x_wconf 91' lang='lat'><strong><em>1,</em></strong></span> <span class='ocrx_word' id='word_1_363' title='bbox 1583 2819 1658 2858; x_wconf 86' lang='lat'><strong><em>14:</em></strong></span> <span class='ocrx_word' id='word_1_364' title='bbox 1715 2813 1852 2883; x_wconf 51' lang='lat' dir='ltr'><strong><em>{atei-e</em></strong></span> 
     </span>
     <span class='ocr_line' id='line_1_68' title="bbox 1085 2873 1849 2932; baseline -0.012 -10"><span class='ocrx_word' id='word_1_365' title='bbox 1085 2877 1264 2922; x_wconf 78' lang='lat' dir='ltr'><strong><em>videtur</em></strong></span> <span class='ocrx_word' id='word_1_366' title='bbox 1271 2888 1482 2932; x_wconf 74' lang='lat' dir='ltr'><strong><em>yraecum</em></strong></span> <span class='ocrx_word' id='word_1_367' title='bbox 1494 2873 1676 2918; x_wconf 77' lang='lat' dir='ltr'><strong><em>verbum</em></strong></span> <span class='ocrx_word' id='word_1_368' title='bbox 1693 2873 1849 2928; x_wconf 79' lang='grc' dir='ltr'>(ακρο-</span> 
     </span>
    </p>
   </div>
  </div>
 </body>
</html>
