2014 3162
889 114 1288 167 —204—

252 250 488 316 γίγνεται,
538 244 658 299 κατὰ
705 245 858 313 φύσιν
906 246 959 298 δὲ
1005 245 1065 299 οὐ
1112 244 1347 298 διάκειται
1393 244 1511 299 καθ’
1561 244 1622 300 ὃν
1671 244 1843 314 καιρὸν
1881 248 1936 299 ἕν

252 329 382 398 μέθῃ
421 329 504 380 καὶ
541 326 732 399 ἀπεψία
769 328 1085 394 καθέστηκεν.
1134 324 1200 389 ὥς
1233 322 1323 379 οὗν
1356 325 1465 380 οὐδ’
1502 326 1616 380 ἄλλο
1648 349 1691 379 τι
1723 325 1938 394 φυσικὸν

252 411 395 479 ἔργον
442 411 496 462 έν
543 408 746 481 τοιούτῳ
793 408 1115 477 καταστήματι
1163 412 1457 462 διοικεῖσθαι
1505 408 1732 475 δύναται,
1783 407 1939 471 οὕτως

253 489 370 544 οὐδὲ
408 488 439 558 ἡ
480 490 732 559 σύλληψις.
783 489 1009 558 δεύτερον
1049 491 1102 542 δὲ
1140 489 1212 543 ’ὅτι
1251 491 1493 558 κολληθὲν
1532 493 1612 542 δεῖ
1649 488 1701 543 τὸ
1749 489 1938 557 σπέρμα

208 593 229 626 5
254 573 626 640 διατρέφεσθαι,
680 570 918 639 λαμβάνει
967 572 1021 624 δὲ
1066 569 1258 639 τροφὴν
1304 569 1400 624 ἀπὸ
1446 577 1532 639 τῆς
1584 571 1939 639 ἐπιφερομένης

253 651 373 720 ὕλης
405 656 658 720 αἵματικῆς
694 674 743 705 τε
781 653 864 704 καὶ
901 657 1247 719 πνευματικῆς.
1314 653 1367 704 έν
1408 652 1462 705 δὲ
1499 659 1604 715 ταῖς
1643 652 1818 719 μέθαις
1855 652 1938 702 καὶ

252 731 487 799 ἆπεψίαις
547 740 644 796 πᾶς
700 731 849 801 ἆτμὸς
903 735 1148 800 ἔφθαρται
1201 734 1282 785 καὶ
1339 732 1696 786 συντεθόλωται
1749 733 1832 784 καὶ
1885 729 1938 783 τὸ

252 820 457 882 πνεῦμα.
534 818 768 877 κίνδυνος
815 809 906 867 οὖν
955 811 1053 866 ὑπὸ
1094 811 1302 879 φαύλων
1341 820 1438 866 τῶν
1477 813 1938 883 ἐπιχορηγουμένων

251 896 333 946 καὶ
370 894 422 948 τὸ
455 897 642 964 σπέρμα
665 897 745 948 ἐπὶ
775 893 827 948 τὸ
860 893 1166 963 φαυλότερον
1198 899 1495 963 μεταβαλεῖν.
1548 892 1647 947 εἶτα
1677 895 1760 946 καὶ
1791 891 1822 960 ἡ
1856 891 1940 945 διὰ

188 1000 229 1032 10
251 973 340 1042 τὴν
395 977 556 1043 μέθην
601 980 842 1029 πολυυλία
888 974 1129 1042 κωλυτικὴ
1177 981 1261 1043 τῆς
1306 974 1430 1043 πρὸς
1474 973 1564 1042 τὴν
1610 972 1815 1041 ὑστέραν
1861 977 1935 1043 γί-

251 1077 412 1124 γνεται
458 1056 728 1125 κολλήσεως
776 1063 862 1110 τοῦ
902 1058 1182 1124 σπέρματος.
1262 1055 1328 1119 ὡς
1379 1056 1472 1125 γὰρ
1510 1055 1567 1108 τὰ
1607 1057 1687 1108 ε’πὶ
1724 1061 1821 1107 τῶν
1861 1076 1942 1122 με-

252 1135 484 1190 θυόντων
522 1137 768 1206 τραύματα
807 1137 1134 1206 ὃυσσύμφυτα
1172 1145 1310 1191 ποιεῖ
1342 1136 1425 1190 διὰ
1464 1135 1554 1204 τὴν
1591 1135 1780 1204 πολλὴν
1819 1134 1941 1188 ἄνα-

253 1217 418 1284 φοράν
450 1216 476 1271 ὃ
502 1216 652 1284 οἶνος,
681 1218 835 1282 οὕτως
859 1219 1062 1288 εὔλογον
1085 1221 1168 1271 καὶ
1191 1217 1281 1286 τὴν
1304 1224 1392 1272 τοῦ
1417 1218 1688 1286 σπέρματος
1710 1215 1941 1285 κόλλησιν

252 1292 350 1350 ὑπὸ
388 1304 473 1365 τῆς
512 1298 661 1367 αὐτῆς
700 1303 856 1363 αἰτίας
893 1298 1303 1369 ἔπιταροὶττεσθαι.

187 1405 229 1436 15
367 1386 448 1432 39.
520 1385 567 1433 τί
609 1385 686 1433 δεῖ
727 1383 882 1451 λέγειν
927 1380 1002 1435 ὅτι
1045 1383 1128 1433 καὶ
1173 1377 1226 1434 τὸ
1275 1379 1422 1435 ποιὸν
1467 1387 1553 1449 τῆς
1591 1386 1758 1448 ψυχῆς
1795 1378 1942 1431 κατά-

253 1478 408 1530 στημα
454 1462 591 1530 φέρει
629 1460 766 1525 τινὰς
804 1464 915 1531 περὶ
952 1463 1066 1527 τοὺς
1103 1463 1289 1526 τύπους
1326 1469 1424 1515 τῶν
1463 1462 1942 1530 συλλαμβανομένων

253 1542 533 1610 μεταβολάς.
618 1543 774 1607 οὕτως
827 1546 881 1597 ἐν
931 1551 996 1617 τῷ
1049 1543 1390 1606 συνουσιάζειν
1442 1539 1693 1610 πιθήκους
1746 1545 1946 1594 ἰδοῦσαί

253 1644 378 1686 τινες
416 1624 834 1693 πιθηκομόρφους
873 1624 1102 1692 ἐκύησαν.
1154 1624 1180 1678 ὁ
1215 1625 1268 1677 δὲ
1298 1631 1396 1676 τῶν
1427 1626 1668 1691 Κυπρίων
1699 1622 1943 1692 τύραννος

253 1704 568 1773 κακόμορφος
616 1703 686 1758 ὢν
737 1709 804 1769 εἰς
843 1703 1092 1774 ἀγάλματα
1130 1710 1391 1774 περικαλλῆ
1431 1702 1552 1756 κατὰ
1591 1702 1706 1766 τοὺς
1742 1711 1942 1771 πλησια-

189 1812 231 1844 20
256 1784 409 1853 σμοὺς
463 1785 552 1854 τὴν
601 1793 815 1856 γυναῖκα
865 1788 1061 1855 βλέπειν
1099 1785 1414 1856 ἄναγκαζων,
1463 1806 1624 1884 πατηρ
1679 1783 1945 1852 εὐμόρφων

254 1866 440 1934 ἐγένετο
478 1870 687 1920 παίδων.
767 1871 818 1920 οἱ
853 1866 898 1920 δ’
942 1864 1240 1936 ἱπποτρόφοι
1283 1889 1404 1919 κατα
1443 1864 1527 1928 τὰς
1566 1863 1725 1933 ὀχείας
1764 1867 1943 1960 ε’μπρο-

254 1954 376 1999 σθεν
422 1954 518 2000 τῶν
563 1954 780 2016 θηλειῶν
819 1947 1031 2018 εὐγενεῖς
1076 1953 1263 2001 ιστᾶσιν
1301 1951 1496 2011 ι’ππους.
1573 1950 1656 1999 ι’να
1695 1942 1787 2000 οὗν
1827 1945 1943 2014 μήτε

254 2027 485 2097 ἄμορφον
532 2029 836 2102 ἀποτελεσθῇ
882 2030 934 2084 τὸ
980 2051 1291 2099 γεννωμενον
1338 2027 1632 2091 ἀλλοκότους
1671 2031 1944 2095 φαντασίας

254 2111 308 2163 ἐν
346 2117 411 2182 τῷ
451 2111 656 2179 μεθύειν
694 2118 779 2180 τῆς
817 2118 985 2180 ψυχῆς
1022 2110 1392 2180 ὑπομενούσης,
1443 2112 1734 2179 νηφέτωσαν
1773 2113 1828 2161 αἱ
1861 2131 1943 2178 γυ-

188 2214 230 2247 25
255 2199 436 2258 ναῖκες,
475 2190 573 2245 εἶθ’
618 2191 690 2246 ’ὅτι
728 2195 812 2245 καὶ
849 2192 972 2262 πρὸς
1009 2192 1094 2255 τὰς
1133 2194 1339 2261 μητέρας
1378 2189 1607 2260 ὁμοιότης
1636 2214 1707 2254 τις
1737 2189 1798 2244 οὗ
1821 2189 1943 2243 κατὰ

256 2278 394 2339 σῶμα
448 2272 604 2341 μόνον
643 2272 764 2326 ἀλλὰ
804 2276 885 2327 καὶ
923 2272 1045 2326 κατὰ
1084 2272 1257 2342 ψυχὴν
1295 2273 1591 2342 ἀναφέρεται
1629 2279 1727 2326 τῶν
1764 2272 1941 2342 γεννω-

256 2353 432 2418 μένων.
500 2353 655 2407 καλὸν
693 2350 787 2409 οὗν
826 2352 1139 2426 εὖσταθούσῃ
1177 2361 1234 2426 τῇ
1273 2361 1411 2425 ψυχῇ
1449 2357 1531 2407 καὶ
1572 2354 1637 2422 μὴ
1670 2353 1941 2426 παρακόπῳ

256 2431 337 2486 διὰ
378 2436 539 2503 μέθην
578 2435 753 2503 ὅμοιον
791 2436 1179 2504 ἀποτελεσθῆναι
1216 2434 1268 2489 τὸ
1307 2435 1631 2505 γεννώμενον.
1696 2441 1942 2498 παντελῶς

254 2535 307 2584 γε
362 2514 460 2582 μὴν
506 2515 693 2569 ἄτοπόν
739 2519 835 2570 ἔστι
893 2517 978 2570 τὸν
1028 2519 1117 2585 μὲν
1161 2516 1377 2586 γεωργὸν
1416 2515 1744 2583 φυλάττεσθαι
1782 2515 1833 2569 τὸ
1874 2515 1940 2584 μὴ

373 2679 402 2718 4
433 2676 514 2718 δεῖ
542 2674 625 2731 (sie
658 2677 765 2719 ante
797 2671 928 2731 τό)ο
1065 2680 1091 2719 9
1123 2673 1153 2732 ἡ
1185 2689 1272 2720 om.
1308 2690 1332 2719 ο
1367 2675 1489 2732 (add.
1515 2674 1585 2731 E).
1711 2681 1766 2720 10
1799 2678 1941 2719 κωλυ-

254 2729 380 2788 τικὴε
415 2729 641 2790 αὖλυτικὴ
675 2747 712 2778 c.
850 2735 931 2789 τῆς
963 2735 1068 2779 add.
1093 2735 1130 2778 E
1165 2735 1272 2790 (om.
1306 2737 1362 2790 ο).
1501 2740 1553 2778 11
1588 2731 1845 2790 κολλήσεως
1876 2733 1940 2777 D:
1953 2750 1980 2757 ’-

254 2790 496 2843 κωλύσεως
529 2805 552 2835 c
587 2794 656 2848 (ut
686 2793 807 2837 infra
839 2791 1064 2849 κώλλησιν
1095 2809 1138 2838 v.
1175 2796 1261 2849 13).
1337 2804 1339 2806 “
1395 2790 1485 2848 γὰρ
1517 2793 1576 2836 E:
1610 2793 1690 2836 καὶ
1723 2806 1759 2837 c.
1883 2796 1939 2836 20

254 2848 279 2894 ὁ
313 2849 482 2908 πατήρ,
516 2867 618 2908 ευμ.
655 2852 756 2908 (sic)
791 2866 827 2895 e.
952 2857 1008 2896 24
1040 2853 1309 2908 νηφετῶσαι
1342 2866 1365 2896 c
1399 2853 1531 2907 (corr.
1564 2850 1636 2908 E).
