2014 3162
157 271 239 328 qui
267 271 474 316 veterem
503 269 700 314 latinam
729 269 987 315 versionem
1019 273 1046 315 a
1071 271 1383 328 Typographo
1415 270 1533 314 mihi
1560 283 1842 327 concessam,

157 330 247 375 sibi
269 331 324 374 ut
346 343 429 374 suo
447 328 635 374 nomine
666 329 859 386 aederet,
887 328 1158 402 retinuerat)
1183 330 1399 374 effectum
1424 331 1505 375 est
1538 330 1637 374 Hae
1661 329 1840 386 hyeme,

157 391 211 434 ut
241 402 390 446 spero,
421 387 542 432 nihil
571 387 850 445 prohibebit,
882 390 972 444 quo
1004 388 1156 432 minus
1189 389 1426 433 cudatur.“

278 452 347 493 16.
378 446 528 515 Iunii
560 451 694 492 1561:
728 446 903 504 „Spero
936 449 984 492 et
1005 447 1325 493 Moschionem
1357 462 1462 492 cum
1486 447 1604 504 aliis,
1628 446 1840 492 Basileae

160 521 380 551 excusum
410 505 469 550 iri
498 506 673 551 brevif‘

276 570 346 610 23.
379 564 575 609 Martii
617 569 751 610 1563:
800 565 1145 621 „Moschionem
1189 565 1278 610 tibi
1315 565 1595 623 promissum
1633 565 1841 609 nondum
1885 579 1889 581 ’

156 624 336 669 9111139111
375 638 474 669 9999
511 623 763 668 maximam
800 600 1009 682 suspicor
1046 638 1146 669 esse
1177 626 1285 669 tuae
1315 582 1674 669 abalienationis
1707 637 1840 668 oaus-

156 697 270 728 sam.
332 683 424 728 Sed
461 684 749 740 exemplar
781 682 1051 729 Graecum
1091 685 1162 728 est
1200 684 1338 741 longe
1371 683 1668 740 depravatius
1701 685 1841 739 quam

154 742 403 799 putabam,
435 743 490 786 1113
518 742 616 787 9199
646 741 741 786 fere
773 756 847 786 me
879 742 1073 799 pudeat,
1107 743 1263 787 aliud
1295 742 1389 786 diu
1432 743 1736 799 expectans
1778 755 1842 785 ex

154 801 332 846 Italia
361 800 502 845 mihi
531 801 895 858 promissum,
928 802 1023 846 sed
1053 801 1283 846 frustra.
1332 802 1467 846 Nunc
1499 801 1669 845 etamsi
1698 801 1839 845 habe-

153 873 254 904 rem
285 859 734 916 emendatissimum,
773 874 866 904 non
900 861 1037 904 facile
1068 863 1286 917 paratum
1318 861 1360 904 91
1390 859 1738 917 typographum
1769 859 1840 904 in-

153 919 409 964 venirem.“

273 977 366 1036 [24.
398 976 562 1035 April
595 983 709 1023 1563
741 979 801 1021 ad
831 980 892 1023 Io.
928 978 1173 1023 Cratonem
1205 993 1232 1022 a
1271 977 1542 1022 Crafftheim
1582 978 1683 1034 (Ep.
1716 977 1838 1021 111911.

154 1035 263 1080 libri
293 1037 359 1080 III
389 1051 473 1093 per
505 1035 552 1081 C.
583 1037 857 1094 Wolphium
897 1038 965 1082 ed.
1001 1037 1101 1095 Tig.
1138 1042 1266 1083 1577.
1297 1037 1328 1080 f.
1362 1036 1465 1092 5¹²)2
1519 1038 1839 1082 Kentmannus

154 1095 268 1140 olim
284 1095 340 1139 119
357 1109 432 1139 1119
454 1095 573 1140 bene
589 1095 782 1141 meritus
807 1098 889 1141 est.
930 1098 990 1141 ab
1014 1111 1068 1141 eo
1094 1096 1217 1140 enim
1242 1096 1301 1140 ad
1323 1095 1482 1141 vivum
1503 1095 1654 1153 pietas
1679 1095 1840 1153 aooepi

153 1153 420 1199 innumeras
452 1156 500 1199 et
530 1154 787 1200 rarissimas
820 1155 998 1212 stirpes,
1031 1155 1181 1212 pisces
1215 1157 1263 1199 et
1292 1155 1399 1210 alia,
1434 1169 1539 1199 oum
1564 1154 1838 1212 descriptio-

154 1213 292 1258 nibus
318 1213 618 1270 quibusdam:
652 1216 700 1258 et
727 1229 949 1272 maguum
973 1229 1131 1258 rerum
1153 1213 1384 1259 fossilium
1405 1228 1666 1258 numerum:
1679 1228 1838 1282 ,prop-

153 1273 227 1317 ter
265 1285 384 1340 quae
421 1271 647 1317 beneficia
684 1275 843 1329 gratus
883 1287 982 1318 esse
1023 1273 1169 1318 volui.
1216 1274 1266 1317 in
1304 1272 1604 1329 gratitudinis
1653 1272 1838 1329 signum

152 1331 346 1388 promisi
389 1330 434 1376 ei
479 1331 728 1388 aliquando
772 1331 1091 1376 Moschionem
1131 1332 1186 1376 de
1218 1331 1392 1376 morbis
1423 1331 1750 1387 muliebribus,
1791 1334 1840 1376 et

154 1389 252 1434 eius
288 1404 459 1435 nomen
500 1390 865 1435 inscribendum
914 1391 995 1435 sed
1024 1391 1126 1434 tum
1166 1391 1413 1447 sperabam
1443 1391 1572 1435 aliud
1604 1390 1840 1447 exemplar

154 1447 383 1493 Graecum
414 1449 713 1504 emendatius,
738 1449 953 1516 fiunicum
986 1449 1109 1494 enim
1141 1448 1511 1506 manuscriptum
1547 1449 1837 1506 corruptissi-

152 1523 282 1552 mum
311 1507 479 1564 habeo)
511 1522 587 1552 me
613 1508 820 1552 nancisci
842 1522 994 1565 posse,
1019 1522 1075 1553 ea
1098 1522 1179 1565 spe
1203 1522 1301 1553 rem
1327 1508 1502 1552 diutius
1527 1507 1709 1552 distuli:
1732 1509 1837 1552 tan-

154 1567 262 1611 dem
293 1567 604 1623 desperans
638 1565 845 1610 Cassium
877 1581 905 1611 9
936 1581 1010 1611 me
1042 1580 1229 1611 versum
1259 1567 1492 1612 dedicavi.
1527 1567 1608 1611 sed
1637 1566 1755 1611 1119
1742 1581 1837 1611 iam

154 1625 337 1682 aliquot
367 1624 530 1670 annis.
580 1622 726 1670 ,nihil
756 1639 943 1682 prorsus
975 1626 1036 1669 ad
1067 1640 1140 1670 me
1171 1626 1435 1670 litterarum
1465 1625 1591 1669 datf‘

273 1689 343 1728 24.
374 1683 525 1727 Iunii
557 1688 692 1729 1564
726 1683 1038 1739 ,,Μο9911101119
1070 1698 1246 1729 morem
1277 1684 1397 1729 ferre
1427 1686 1476 1728 te
1508 1698 1657 1740 aequo
1681 1683 1835 1728 animo

152 1742 294 1788 valde
325 1743 522 1800 gaudeo,
555 1757 703 1798 neque
734 1743 832 1787 9199
865 1757 951 1800 ego
983 1743 1224 1787 immemor
1256 1745 1379 1788 ero.“

273 1806 344 1846 23.
374 1800 570 1846 Martii
612 1805 746 1846 1565:
794 1801 1105 1858 „Moschionis
1147 1802 1419 1847 memoriam
1458 1816 1551 1847 non
1590 1802 1833 1858 deponam.

155 1860 360 1905 Thomas
392 1859 619 1904 Guerinus
650 1859 918 1905 Basiliensis
949 1862 1271 1918 typographus
1301 1860 1477 1918 recepit
1508 1875 1556 1905 se
1586 1860 1835 1918 impressu-

152 1933 272 1977 rum‚
303 1933 409 1964 cum
440 1918 545 1963 91119
577 1919 856 1976 quibusdam
885 1920 1233 1965 muliebribus.“

273 1983 344 2023 27.
375 1979 509 2034 Aug.
545 1982 679 2023 1565:
714 1978 989 2034 „Muliebria
1018 1980 1178 2024 nostra
1207 1979 1398 2023 tandem
1425 1978 1674 2034 aliquando
1700 1991 1834 2035 spero

153 2037 420 2094 prodibunt.
453 2036 644 2081 Fefellit
673 2037 1026 2093 promissionem
1056 2051 1187 2082 suam
1210 2038 1532 2095 typographus
1547 2035 1832 2082 Basiliensis.

155 2095 247 2141 Sed
277 2095 358 2140 fiet
386 2096 574 2140 tandem
605 2095 797 2151 aliquid,
831 2097 928 2141 Deo
960 2096 1191 2141 favente.“
