2014 3162
752 125 1154 178 —369—

111 249 171 302 τὰ
211 250 264 302 δὲ
303 253 630 320 προειρημένα
671 256 967 324 βοηθήματα
1006 258 1182 312 λύοντα
1220 260 1271 314 τὸ
1311 263 1475 327 πάθος
1506 267 1587 317 καὶ
1617 265 1705 334 τὴν
1742 267 1795 331 ἐξ

62 411 65 413 ¹
111 328 268 384 αὐτοῦ
312 333 597 402 δυσέργειαν
636 335 753 390 λύει.

356 499 446 546 XX
486 497 654 563 [Περὶ
695 499 1172 568 ἐγκατεχομένων
1212 506 1538 571 δευτέρων.]

146 701 1752 728 ...................
1836 701 1857 733 5

107 908 224 956 XXI
265 910 412 973 Περι
450 928 559 958 των
591 928 651 959 εν
682 913 1052 976 γυναικείοις
1085 929 1316 978 μερεσιν
1340 931 1678 983 αποστηματ
1697 939 1776 969 ων

35 1220 43 1248 ὲ
147 1195 1752 1218 ...................
1816 1191 1861 1223 10

18 1242 45 1341 ξ
450 1321 592 1368 ΧΧΠ
624 1323 770 1385 Περι
809 1324 921 1371 τῶν
958 1337 1208 1389 υστερας
1247 1329 1429 1376 ελκων

27 1559 46 1586 a
144 1524 156 1536 .
236 1526 246 1537 .
325 1525 336 1535 .
413 1526 1743 1618 ................

350 1731 520 1780 XXIII
559 1730 706 1797 Περὶ
745 1730 1210 1798 καρκινωμοῖτων
1248 1733 1309 1784 ἐν
1347 1731 1543 1805 μήτρα.
1814 1760 1856 1793 15

432 2144 598 2192 XXIV
638 2146 785 2207 Περι
825 2143 1120 2210 συρίγγων
1159 2163 1220 2193 εν
1260 2163 1442 2209 μητρα

33 2238 60 2274 ἵ·
233 2269 1751 2284 ..................
1807 2251 1850 2283 20

22 2295 57 2346 1³1·

0 2468 78 2572 Ξ
223 2487 252 2526 4
299 2482 387 2527 hoe
426 2481 683 2539 capitulum
735 2481 911 2539 duplici
949 2483 1050 2526 loco
1093 2482 1345 2539 eodemque
1387 2482 1483 2527 fere
1526 2482 1790 2539 argumenti

105 2540 266 2585 tenore
305 2541 479 2598 legitur
518 2540 566 2584 in
605 2542 736 2584 textu
775 2541 945 2596 latino,
993 2555 1053 2586 sc.
1087 2542 1193 2597 post
1223 2543 1407 2598 partum
1451 2542 1498 2586 et
1526 2541 1790 2599 regularem

0 2567 64 2661 ἷῖξν·
107 2601 155 2644 et
198 2600 504 2656 irregularem
543 2600 618 2657 (cf.
654 2614 793 2656 supra
826 2613 864 2644 e
898 2605 954 2644 64
986 2601 1133 2656 extr..)
1204 2601 1259 2646 cf
1295 2615 1349 2645 ex
1380 2600 1652 2645 Philumeno
1685 2598 1788 2644 Aet.

27 2663 58 2714 32⁷
109 2661 186 2714 16,
210 2663 268 2702 24
299 2661 374 2714 (ex
403 2658 542 2703 Aetio
572 2659 743 2703 Paulus
780 2663 826 2714 6,
854 2661 926 2716 75)
973 2659 1080 2715 περὶ
1128 2660 1288 2716 χορίου
1334 2655 1584 2715 ἐκλήψεως.
1647 2658 1789 2702 semel

67 2717 186 2772 qui
215 2717 372 2762 locum
402 2718 556 2774 ipsum
597 2717 704 2773 περὶ
737 2719 985 2768 δυστοκιάς
1018 2732 1073 2762 ex
1103 2718 1381 2775 pathologia.
1411 2716 1697 2761 transtulerit
1729 2716 1790 2760 ad

43 2770 368 2825 naturalem
408 2777 569 2833 partus
609 2776 877 2834 historiam,
925 2790 1018 2820 una
1058 2790 1161 2821 cum
1201 2777 1288 2821 hac
1318 2777 1421 2834 ipsa
1451 2775 1593 2820 habet
1625 2773 1791 2820 Sorani

23 2835 60 2905 ff.
107 2843 382 2905 compilator
414 2851 485 2906 (c).
611 2854 664 2893 19
699 2849 754 2894 ef.
789 2863 813 2894 e
844 2849 938 2895 ind.
972 2854 1069 2907 ρλα.

195 2929 373 2972 Soranus,
397 2931 454 2964 ed.
477 2931 588 2965 Rose.
1462 2926 1519 2966 24
