2014 3162
717 134 1121 188 -153—

111 263 439 322 punctionibus
487 265 653 320 (errore
696 265 882 310 librarii

104 336 196 381 pro
228 335 331 367 cum
354 323 685 379 punctionibus
711 325 727 368 l
750 325 808 380 ΙΙ,
820 328 879 381 6),

112 381 486 438 conprehendere
542 382 768 439 (·hensus)
823 384 879 438 II,

114 445 182 486 18.
210 445 263 484 17
290 441 388 497 (ubi
411 440 743 497 comprehendi
767 443 803 497 l,
828 447 881 486 ut

113 499 296 556 conples
336 503 377 544 et
417 500 624 557 comples
657 501 673 544 l
702 500 762 555 ΙΙ,
787 503 876 558 21).

109 584 167 592 --
201 558 451 604 conbustos
481 559 538 615 ΙΙ,
562 563 591 602 4
623 561 722 615 (ubi
753 574 878 604 com-

1002 265 1091 321 die,
1124 265 1404 312 cottidianus
1437 270 1470 325 l)
1504 274 1572 316 96.
1599 270 1762 326 Π,1.4.

971 329 1279 428 οΞοῗιὲῃῐιιηι
1310 385 1481 441 accipit
1503 400 1669 444 corpus
1691 392 1762 432 24.

999 441 1179 487 faciunt
1210 443 1264 498 II,
1292 448 1330 486 1.

970 512 1163 618 offagne
1202 501 1344 558 vulgo
1380 506 1431 545 12
1467 503 1565 558 (ubi
1595 517 1767 549 connus

109 617 271 662 bustos
311 618 380 675 lh)
420 618 498 662 sed
536 620 876 663 commalaxare
967 619 1184 664 curvedo
1227 620 1495 675 (σκωλίωσις
1525 619 1622 665 Sor.
1656 624 1767 676 278,

111 677 137 722 b
170 677 512 734 (conmalaxare
544 678 577 734 l)
612 677 675 733 ΙΙ,
704 683 771 722 16.
805 683 875 722 27.

110 739 167 779 29
201 737 312 793 (nisi
334 737 454 793 quod
484 749 590 780 cum
616 738 879 782 malaxetur

110 794 127 838 Z
155 794 220 848 ΙΙ,
247 797 291 851 1)
334 820 390 827 —
436 795 666 840 collocare
699 797 724 840 b
757 798 879 851 (con-

109 853 265 898 locare
296 854 330 911 Ζ)
364 858 434 899 62.
468 859 537 899 63.
569 854 636 909 H,
664 859 732 910 18,
760 859 816 898 10
840 859 881 898 et

113 918 180 956 11.
235 912 294 967 II,
320 917 378 957 30
410 916 478 969 (ut
509 914 799 958 conliderent
830 915 882 958 lh

110 972 165 1026 ΙΙ,
201 975 269 1026 18,
306 973 393 1028 10).
456 973 823 1016 conmanducare
857 974 882 1017 b

112 1035 196 1075 128
229 1031 285 1085 cf.
319 1030 682 1087 sinpasmatibns
715 1033 740 1076 b
772 1032 830 1087 ΙΙ,
854 1036 883 1078 4

116 1090 214 1145 (ubi
244 1104 392 1146 symp.
426 1090 472 1146 l).

88 1148 455 1194 commalaxare
529 1148 883 1205 (callositatem,

113 1206 309 1263 callum,
354 1206 591 1265 duritiam)
639 1207 703 1263 ΙΙ,
738 1214 778 1252 1.
814 1213 881 1253 16.

114 1271 185 1310 27.
218 1271 287 1311 28.
322 1271 392 1310 29.

82 1325 468 1371 communicatio
498 1325 589 1371 viri
619 1325 678 1381 ΙΙ,
706 1331 773 1371 13.
810 1330 878 1370 16.

111 1389 167 1428 33
200 1389 278 1429 etc.

82 1443 513 1498 confrangendum
561 1445 633 1488 est
681 1444 770 1488 blh
823 1444 880 1498 II,

114 1507 184 1558 19,
217 1508 288 1547 29.

82 1561 394 1619 congustum,
405 1562 680 1616 congustus
695 1563 882 1606 solemni

113 1621 299 1665 librarii
344 1621 460 1666 male
506 1622 691 1678 leyentis
732 1634 883 1665 errore

111 1681 164 1724 in
200 1684 459 1724 ‘nostrorum
499 1681 701 1725 codicum
734 1681 884 1724 arche-

111 1743 220 1796 typo
250 1739 470 1784 scribitur
501 1753 592 1795 pro
623 1739 885 1796 angustiae,

116 1801 340 1855 angustus
379 1799 491 1854 (nisi
535 1799 656 1855 quod
693 1812 815 1842 unus
858 1798 884 1842 b

117 1858 249 1902 habet
286 1857 529 1914 angustias
570 1862 627 1901 90
665 1861 707 1901 et
738 1871 884 1914 angu-

114 1915 232 1960 stiae
263 1916 328 1970 II,
363 1920 434 1970 18,
467 1917 554 1973 10).
616 1917 673 1971 cf.
709 1922 778 1962 11.
814 1921 882 1962 12.

116 1979 187 2020 90.
221 1974 278 2029 11,
306 1980 374 2031 17,
400 1980 442 2018 2.
474 1975 531 2030 ΙΙ,
560 1980 629 2031 18,
654 1981 694 2020 9.
724 1980 778 2020 10

86 2033 463 2079 constrictoriis
496 2034 651 2090 (rebus
682 2034 753 2078 uti
783 2035 815 2080 i.
848 2048 881 2079 e.

117 2106 236 2149 quae
274 2093 456 2150 possint
487 2093 804 2150 constringere
837 2096 886 2137 et

117 2153 365 2209 exsiccare)
402 2153 466 2206 ΙΙ,
502 2157 570 2207 19,
605 2158 674 2196 30.
738 2152 883 2197 siccos

118 2213 166 2255 et
198 2210 544 2256 constrictorios
570 2211 697 2256 cibos
720 2216 791 2256 43.
824 2212 882 2266 cf.

117 2270 352 2314 strictoria
381 2275 453 2314 42.

89 2329 411 2386 coopertoria
443 2330 554 2385 (quo
581 2328 816 2386 opertoria
839 2330 882 2386 b)

121 2393 218 2432 113.
265 2389 342 2433 sed
371 2389 538 2432 ibidem
569 2394 706 2433 antea
738 2402 884 2434 corre-

117 2446 282 2503 ptoriis
314 2447 340 2491 b
378 2448 475 2502 (ubi
507 2447 810 2504 coopertoriis
841 2448 883 2502 h,

119 2519 167 2550 se
199 2506 481 2562 opertorium
513 2507 560 2563 l),
592 2512 645 2550 ut
675 2508 886 2563 coperto-

118 2563 200 2608 riis
231 2565 289 2620 II,
309 2569 362 2608 12
399 2565 506 2622 (ubij
529 2565 831 2622 coopertoriis
858 2567 886 2610 l.

120 2624 177 2678 cf.
227 2623 524 2680 coperculum
568 2623 635 2680 H,
685 2627 771 2681 10).
845 2638 886 2669 v.

119 2681 307 2728 Lachm.
340 2683 401 2727 ad
430 2681 572 2727 Lucr.
605 2687 654 2738 2,
677 2687 812 2728 1061.

93 2741 298 2843 camari
315 2741 441 2798 (huic
463 2755 522 2787 sc.
542 2741 888 2798 gynaeciorum)

167 2833 178 2853 ‚
265 2835 274 2844 .

94 2858 297 2916 cotidie,
333 2858 616 2904 cotidianus
642 2860 707 2903 bh
739 2858 891 2915 (cotti-

999 681 1045 734 5)
1100 679 1164 734 ΙΙ,
1200 682 1277 734 18,
1311 683 1336 722 9
1386 679 1485 735 (ubi
1530 680 1768 725 curbidine

971 737 1184 852 ciritnia
1216 797 1375 853 (mala)
1408 797 1458 841 h:
1491 797 1668 842 citonia
1699 799 1765 843 bl.

972 913 1033 957 (10
1051 934 1107 950 =
1126 914 1182 957 ab
1193 908 1288 957 ἀπὸ
1309 915 1397 970 (ex,
1411 927 1510 970 per,
1526 928 1610 959 ree.
1629 917 1767 971 cum):

1004 972 1060 1016 de
1093 971 1424 1016 exercitatione
1449 974 1638 1030 sanguis
1663 987 1770 1017 con-

1004 1031 1202 1075 sumitur
1234 1035 1303 1076 26.
1338 1031 1575 1094 (101010111
1599 1033 1655 1076 (10
1680 1032 1769 1075 fer-

1003 1104 1120 1134 vura
1150 1089 1292 1145 venit,
1326 1090 1382 1134 de
1413 1094 1553 1146 partu
1586 1095 1655 1135 59.
1712 1091 1770 1136 de

1005 1151 1177 1194 conatu
1210 1151 1258 1194 et
1286 1149 1497 1194 tensione
1530 1149 1770 1206 ruptiones

1005 1210 1252 1253 occurrunt
1285 1213 1354 1252 70.
1415 1207 1489 1252 lac
1521 1208 1577 1252 de
1609 1209 1769 1254 labore

1003 1269 1167 1324 partus
1203 1268 1382 1310 malum
1422 1269 1491 1311 est
1521 1269 1569 1312 et
1597 1267 1771 1325 pingue

1002 1330 1073 1371 86.
1107 1326 1354 1370 amabilius
1385 1339 1413 1368 a
1435 1328 1606 1371 matre.
1625 1362 1635 1371 .
1656 1341 1771 1372 ‚me-

1001 1385 1092 1429 lius
1124 1385 1179 1428 de
1212 1398 1417 1428 mamma
1447 1384 1651 1429 nutritur
1683 1385 1769 1442 (in-

1002 1444 1124 1500 fans)
1158 1448 1228 1488 88.
1282 1444 1339 1487 de
1371 1443 1594 1488 ambabus
1627 1457 1771 1488 mam-

1001 1502 1101 1547 mis
1123 1501 1323 1559 accipiat
1355 1501 1544 1559 (infans)
1580 1507 1679 1548 108.
1713 1503 1770 1547 de

1001 1563 1124 1607 bono
1155 1561 1279 1605 lacte
1313 1561 1405 1605 cito
1439 1562 1636 1605 satiatur
1669 1566 1769 1606 110.

1004 1620 1097 1665 oris
1130 1620 1378 1676 strepitum
1409 1620 1490 1675 qui
1521 1621 1578 1664 de
1609 1621 1772 1665 humo-

1003 1679 1131 1723 ribus
1181 1679 1381 1723 occurrit
1428 1683 1526 1724 138.
1591 1680 1649 1724 de
1689 1681 1773 1736 (bl,

1006 1753 1110 1783 cum
1139 1739 1185 1795 h)
1216 1738 1361 1794 pinna
1391 1738 1620 1782 tollantur
1649 1739 1707 1793 II,
1732 1744 1771 1783 1.

1005 1797 1205 1842 efficitur
1252 1797 1308 1842 de
1357 1797 1450 1852 (lh,
1489 1810 1571 1841 om.
1607 1798 1650 1854 b)
1682 1798 1771 1842 fre-

1005 1856 1169 1912 quenti
1199 1856 1368 1901 aborsu
1398 1855 1455 1911 11,
1480 1861 1522 1900 4.
1562 1869 1681 1912 quae
1713 1856 1771 1900 de

1003 1915 1243 1960 lumbricis
1267 1916 1426 1960 tacent
1448 1915 1507 1970 II,
1525 1920 1553 1960 4
1577 1911 1646 1972 (τὸ
1673 1910 1768 1959 ἀπὸ

1008 1970 1245 2031 ἑλμίνθων
1276 1972 1488 2018 ἄναυδον
1521 1974 1622 2018 Sor.
1656 1977 1773 2027 228,

1003 2035 1096 2091 11).
1127 2033 1440 2089 thymiamata
1472 2031 1684 2077 confecta
1716 2032 1773 2076 de

1005 2106 1138 2137 01000
1170 2092 1227 2147 ΙΙ,
1255 2098 1295 2136 9.
1353 2093 1410 2136 (10
1441 2092 1634 2136 vulnere
1666 2105 1773 2136 caro

1005 2151 1231 2196 excrescit
1272 2152 1336 2207 ΙΙ,
1373 2156 1414 2195 9.
1479 2152 1536 2195 (10
1578 2151 1772 2194 matrice

1005 2209 1194 2267 sanguis
1211 2209 1412 2254 occurrit
1430 2209 1488 2264 ΙΙ,
1506 2214 1574 2254 10.
1606 2208 1775 2253 faciem

1005 2269 1063 2314 de
1094 2269 1283 2313 recente
1317 2270 1474 2325 (aqua)
1514 2268 1773 2312 fomentare

1005 2329 1063 2383 ΙΙ,
1098 2333 1166 2374 10.
1228 2327 1439 2372 trociscis
1494 2327 1551 2371 de
1606 2326 1774 2381 quibus

1006 2386 1319 2444 dysentericos
1353 2399 1565 2430 curamus
1604 2385 1668 2440 H,
1704 2389 1772 2429 10.

1005 2446 1063 2491 de
1117 2445 1273 2490 herbis
1325 2445 1442 2489 haec
1494 2444 1775 2500 epithimata

1005 2505 1122 2549 fiant
1151 2504 1208 2559 ΙΙ,
1243 2509 1311 2548 10.
1367 2504 1424 2548 de
1458 2504 1675 2548 strictura
1705 2503 1771 2547 la-

1008 2565 1177 2609 borant
1206 2564 1264 2618 11,
1284 2567 1352 2609 14.
1384 2562 1553 2607 vitium
1586 2562 1642 2606 de
1673 2562 1774 2618 plu-

1007 2623 1138 2667 rimis
1172 2621 1319 2667 causis
1351 2622 1534 2666 evenire
1568 2620 1687 2664 solet
1717 2620 1773 2673 II,

1011 2687 1033 2725 1
1042 2687 1080 2726 6.
1114 2681 1171 2725 (10
1189 2681 1470 2725 extrinsecus
1481 2678 1774 2724 venientibus

1011 2741 1161 2785 causis
1221 2738 1546 2783 difficultatem
1612 2739 1774 2793 partus

1011 2812 1246 2856 emergere
1277 2797 1342 2852 II,
1376 2802 1446 2850 17,
1478 2802 1517 2841 6.
1582 2796 1639 2840 de
1672 2794 1774 2838 stri-

1013 2859 1146 2902 ctura
1175 2855 1376 2913 inpediri
1405 2857 1588 2912 partum
1622 2854 1676 2908 II,
1704 2858 1773 2905 17,
