2014 3162
715 96 1108 148 -137—

192 227 300 282 (68.)
336 225 528 269 Veteres
559 224 796 270 iusserunt
825 224 900 269 his
932 225 1099 281 quibus
1131 227 1360 272 secundae
1392 229 1660 273 manserunt
1675 229 1756 273 ad-

72 284 267 330 hibeant
303 298 422 340 quae
463 285 724 328 sternutum
755 285 1051 328 commovent
1080 283 1191 328 inici
1222 286 1430 342 naribus,
1469 288 1516 331 et
1546 286 1757 343 potiones

75 357 192 400 quae
237 344 435 400 possunt
478 342 751 400 sanguinem
797 342 995 400 moveri,
1044 344 1092 387 et
1128 343 1333 399 pessaria.
1370 345 1597 402 laxativa,
1641 360 1758 403 quae

72 402 210 448 modo
242 401 470 447 servanda
501 402 574 446 est
602 403 710 458 post
741 402 924 447 sublate
957 401 1196 459 sanguine.
1248 423 1254 432 ·

193 465 408 578 Sssgongiis
454 519 746 565 vestimenda
784 521 855 564 est
892 518 1030 575 locis,
1078 520 1127 563 et
1163 520 1321 564 tacere
1359 520 1550 565 debebit
1578 521 1627 564 in
1657 522 1760 565 loco
1781 474 1802 506 5

73 580 224 628 calido
256 578 453 624 modicis
484 578 659 635 apertis
690 577 943 623 femoribus
973 580 1027 623 ut
1050 577 1205 623 aliena
1234 578 1357 623 abici
1379 579 1572 635 possint.
1624 593 1762 636 supra

71 638 308 705 pectinem
340 639 496 705 autem
530 640 577 682 et
606 638 713 705 loca
741 637 988 682 muliebria
1020 638 1123 683 oleo
1148 637 1276 682 dulci
1299 638 1492 682 adsidue
1519 638 1697 705 foveri,
1716 640 1763 682 et

72 711 158 801 1⁰3?
161 696 680 814 Θξῖἔέᾒὲἶὲὼέἕωῖἒῖἓῖ
711 698 776 799 ‘³312
789 697 1102 812 Ρὲἑίἓὲῗὲυέἒ
1131 696 1302 800 ὲὶῖἒῃῖ
1304 697 1762 814 11ἓῖεὲξέἶῖοὲἸέῙὲ
1786 767 1834 798 ω

0 824 1 840 ¹
71 816 363 872 muliebrem,
387 815 437 860 et
453 814 742 871 clipsterium
764 814 954 871 plenum
977 814 1220 858 infundere
1246 829 1351 859 cum
1376 816 1563 860 cautela
1578 829 1761 871 magna.

0 922 1 925 ,
74 889 183 919 nam
212 875 396 919 medica
426 873 679 931 inprudens
709 875 902 918 ventum
933 873 1102 917 incitat
1131 873 1329 928 mulieri,
1364 875 1488 930 quod
1511 875 1600 919 hoc
1623 874 1762 918 modo

73 936 228 979 caveri
265 933 386 977 solet
425 935 477 976 ut
514 933 658 977 semel
697 932 824 988 quod
862 932 1086 988 presserit
1123 932 1306 977 clistere
1336 934 1490 977 totum
1521 933 1764 990 permittat

73 993 251 1037 solvere
289 994 495 1036 ventum.
558 991 683 1047 quod
721 991 760 1036 si
791 991 904 1047 ,plus
944 991 1128 1036 clistere
1171 992 1460 1050 praematur,
1499 992 1616 1036 haec
1646 991 1764 1035 nihil

72 1051 289 1097 molestia
325 1051 488 1108 fuerit,
532 1050 657 1107 quod
694 1064 798 1094 raro
831 1049 1016 1095 accidit.
1077 1050 1328 1107 unguenda
1360 1053 1431 1095 est
1462 1051 1564 1095 oleo
1597 1051 1763 1107 calido,
1789 1060 1835 1092 15

74 1113 123 1156 et
151 1110 353 1156 fovenda
384 1124 440 1155 ex
472 1123 594 1166 aqua
626 1108 790 1164 calida,
823 1111 907 1153 aut
935 1109 1166 1166 pulticula
1196 1112 1279 1154 aut
1310 1124 1399 1155 ova
1423 1109 1625 1155 sorbilia.
1657 1111 1766 1166 post

73 1170 189 1214 duos
230 1172 387 1214 autem
420 1168 635 1214 diatritos
666 1168 715 1213 id
750 1170 822 1213 est
853 1170 986 1212 sexta
1017 1169 1114 1224 die,
1164 1169 1204 1213 si
1233 1167 1354 1212 nihil
1383 1183 1478 1213 non
1509 1167 1764 1224 advenerit,

73 1230 292 1274 balneum
322 1228 547 1273 utendum
579 1229 627 1273 et
657 1228 810 1272 varios
842 1228 968 1272 cibos
986 1229 1034 1272 et
1054 1227 1216 1272 vinum
1238 1228 1414 1272 bonum
1439 1228 1764 1284 subaquatum.

192 1301 221 1332 *
255 1286 383 1341 Quae
416 1287 682 1332 adhibenda
714 1288 822 1331 sunt
852 1288 906 1331 ut
935 1289 1174 1331 menstrua
1204 1288 1491 1343 purgentur?

195 1347 464 1403 Calasticis,
511 1345 628 1390 cibis
667 1347 715 1390 et
751 1345 1021 1402 potionibus
1061 1346 1247 1402 calidis,
1292 1345 1344 1388 id
1385 1347 1457 1389 est
1485 1344 1665 1402 puleio,
1712 1346 1765 1388 ut
1788 1355 1834 1386 20

74 1406 252 1451 vessica
284 1407 521 1450 commota
550 1405 792 1449 matricem
822 1418 917 1449 non
943 1404 1111 1459 irritet,
1145 1406 1192 1449 et
1215 1403 1388 1461 quippe
1413 1405 1462 1448 in
1484 1403 1636 1449 vicino
1661 1403 1765 1449 loco

74 1465 242 1522 posita,
273 1464 472 1520 ideoque
505 1463 736 1508 calasticis
766 1464 904 1508 rebus
934 1465 1106 1508 utatur.

196 1528 265 1568 70.
317 1523 448 1568 Unde
489 1523 604 1568 scire
643 1522 898 1579 poterimus
929 1523 1055 1578 quod
1085 1522 1368 1566 sufficienter
1397 1521 1526 1566 facta
1556 1522 1629 1566 est
1659 1537 1765 1579 pur-

77 1582 238 1639 gatio?

195 1642 266 1685 Ex
297 1654 352 1686 eo
385 1641 566 1685 scilicet
595 1640 721 1696 quod
751 1640 955 1696 primum
977 1653 1144 1696 parum
1167 1640 1439 1696 sanguinem
1463 1641 1628 1697 posteo
1651 1639 1763 1683 faci·
1790 1648 1836 1681 25

78 1700 202 1745 libus
235 1699 401 1744 similis
434 1701 482 1744 et
511 1699 659 1743 fluxus
688 1699 962 1744 humoribus
995 1699 1211 1743 similem.

198 1764 267 1805 71.
302 1759 479 1813 Quibus
510 1758 686 1802 utimur
716 1758 776 1801 ad
808 1758 1030 1803 scissuras
1062 1757 1251 1813 ventris,
1285 1758 1389 1814 quis
1420 1757 1564 1802 faciet
1591 1757 1767 1814 grande

76 1818 258 1876 pondus
288 1817 425 1875 uteri,
456 1817 574 1862 forte
605 1816 896 1874 geminorum
926 1817 1005 1861 vel
1035 1816 1237 1874 amplius
1251 1823 1271 1861 ?

197 1877 416 1922 Cerotum
437 1876 664 1921 utendum
686 1876 847 1921 statim
870 1877 978 1933 post
999 1877 1200 1933 partum,
1231 1874 1284 1918 id
1307 1877 1378 1920 est
1402 1875 1554 1919 oleum
1570 1887 1766 1930 roseum,

78 1950 285 1992 cerussa,
333 1949 497 1993 spuma
543 1935 746 1992 argenti,
794 1937 842 1979 et
878 1935 1066 1980 alumen
1097 1935 1258 1991 scissu,
1298 1936 1345 1980 et
1374 1935 1542 1979 leviter
1570 1933 1767 1978 fasciare
1791 1943 1837 1975 30

78 2010 215 2052 super
244 1996 366 2039 lana.

199 2055 291 2111 (72)
325 2058 394 2099 73.
451 2052 692 2107 Quomodo
730 2067 957 2098 mammas
997 2067 1209 2098 curamus
1252 2053 1331 2108 qui
1362 2066 1418 2097 ex
1447 2050 1770 2096 habundantia

81 2112 220 2159 lactis
251 2113 596 2158 intumescunt?

197 2174 252 2217 In
282 2172 434 2229 primo
465 2171 655 2228 quidem
684 2170 847 2228 ponito
878 2171 1076 2215 dactilos
1107 2184 1214 2214 cum
1244 2184 1365 2227 pane
1395 2171 1445 2215 et
1465 2182 1608 2226 pusca
1628 2168 1767 2213 tritis.

82 2231 206 2287 quod
254 2231 294 2274 si
334 2230 519 2287 penitus
557 2231 773 2275 volumus
812 2229 887 2274 lac
925 2229 1155 2274 exsiccare
1194 2229 1398 2274 alumine
1431 2229 1478 2273 et
1507 2227 1622 2272 folia
1653 2227 1766 2272 cori·
1792 2237 1836 2270 35

82 2290 218 2334 andri
249 2298 289 2332 2
322 2290 344 2333 I
376 2291 424 2333 et
455 2289 681 2346 sinopide.
736 2289 862 2345 quod
893 2289 956 2332 sit
986 2289 1153 2332 humor
1184 2289 1272 2332 erit
1300 2289 1465 2344 ingens
1490 2288 1538 2330 et
1560 2286 1698 2330 ardor
1723 2288 1770 2330 et

85 2349 219 2394 dolor
248 2348 441 2403 venerit,
479 2349 582 2393 oleo
615 2348 742 2392 dulci
773 2346 925 2392 calido
956 2347 1115 2392 foveat
1147 2349 1195 2391 et
1223 2347 1376 2391 farina
1407 2347 1455 2390 et
1483 2358 1604 2402 pane
1635 2359 1770 2389 mun-

85 2409 196 2452 dum
242 2408 319 2453 vel
356 2407 509 2451 farina
546 2406 644 2452 feni
674 2407 802 2464 greci
847 2407 896 2450 et
933 2406 1019 2450 lini
1059 2405 1246 2451 seminis
1286 2404 1530 2450 calefactio
1564 2403 1769 2461 spongiis

81 2467 201 2512 bene
226 2466 485 2511 calentibus
508 2466 625 2510 bene
650 2466 825 2510 siccato
849 2464 1025 2522 ponito.
1060 2479 1166 2509 cum
1182 2464 1431 2510 declinatio
1456 2477 1554 2508 esse
1580 2462 1769 2519 ceperit,

85 2527 133 2570 et
162 2525 391 2570 cerotario
424 2525 625 2582 simplici
655 2524 972 2569 observandus
1004 2527 1088 2567 est.
1792 2531 1838 2562 40

204 2705 230 2745 5
262 2702 338 2746 hic
367 2715 540 2758 quoque
570 2702 695 2746 abest
723 2702 938 2758 interroy.
973 2705 1078 2745 ante
1110 2699 1309 2744 Soranus
1342 2698 1420 2743 dii
1445 2696 1661 2754 spongiis
1692 2700 1768 2741 ete.

149 2765 200 2804 11
249 2761 304 2804 de
334 2761 541 2818 clysterio
571 2761 679 2806 haec
710 2761 873 2805 desunt
902 2761 954 2804 in
985 2764 1113 2805 ταῦτα
1146 2759 1418 2803 Muscionis.
1580 2760 1633 2798 19
1664 2756 1771 2798 haee

88 2832 162 2874 qu.
197 2832 289 2863 non
320 2824 445 2864 extat
475 2820 602 2876 apud
635 2820 936 2865 Muscionem.
1088 2822 1143 2862 25
1176 2817 1392 2862 facilibus
1424 2818 1454 2860 i.
1481 2829 1515 2860 e.
1548 2812 1766 2858 faecibus.
