2014 3162
787 125 1189 179 —339—

143 254 199 318 ὃς
239 256 293 308 δὲ
331 256 570 325 ἐρυθρός,
621 256 676 321 ὃς
716 259 770 310 δὲ
809 258 979 326 μέλας,
1026 256 1081 320 ὃς
1121 260 1174 311 δὲ
1212 259 1430 327 ῦφαιμος
1470 263 1608 330 σαρξὶ
1646 269 1829 315 πεπλυ-

144 338 316 404 μέναις
353 335 538 406 ὅμοιος,
578 337 633 401 ὃς
673 339 727 391 δὲ
766 337 1041 407 ἀνώμαλος,
1081 336 1136 402 ὃς
1176 340 1229 392 δὲ
1262 339 1428 408 ὦχρός.
1491 341 1624 409 παρὰ
1657 343 1711 394 δὲ
1739 341 1830 410 τὴν

143 417 358 485 δύναμιν
411 417 468 482 ὃς
514 421 602 488 μέν
650 423 779 474 ἔστιν
818 421 990 491 ἀργός,
1053 422 1135 474 καὶ
1174 420 1295 474 ἄνευ
1336 421 1522 489 δήξεως
1559 425 1641 475 καὶ
1680 421 1828 492 ἆλγή-

141 520 294 568 ματος
334 501 546 569 φέρεται,
585 502 641 567 ὃς
681 505 734 556 δὲ
774 505 969 573 φέρεται
1008 501 1124 571 μετὰ
1160 501 1345 570 δήξεως
1381 505 1465 555 καὶ
1502 502 1830 572 ἆναβρῶσεως

139 583 223 634 καὶ
262 582 635 651 συναισθήσεως
674 584 960 651 έπωδύνου,
1007 587 1062 637 ἐν
1099 590 1165 657 τῷ
1202 590 1356 656 καιρῷ
1394 590 1481 652 τῆς
1527 582 1828 653 ἀποκρίσεως
1852 609 1873 641 5

140 665 403 732 ἐπιφέρων.
486 667 612 736 λέγει
661 667 716 719 δὲ
761 668 844 718 καὶ
890 664 976 718 τὸν
1022 665 1110 732 μὲν
1156 662 1247 730 ἀφ’
1299 663 1416 718 ὅλου
1464 666 1705 733 φέρεσθαι
1742 672 1829 719 τοῦ

142 743 391 812 σώματος,
427 745 514 800 τὸν
553 748 606 799 δὲ
645 746 742 801 ἀπὸ
781 753 866 815 τῆς
904 744 1124 814 ὑστέρας,
1162 744 1247 799 τὸν
1286 747 1340 798 δὲ
1378 745 1464 798 ἀπ’
1508 746 1659 801 ἄλλου
1697 746 1830 810 τινὸς

141 825 345 893 μέρους,
382 827 466 878 καὶ
502 825 587 889 τὰς
625 826 811 880 τούτων
852 825 1097 895 διαφορὰς
1136 828 1429 895 ἐπεξέρχεται
1468 826 1583 895 μετὰ
1623 826 1830 895 σημειώ-

142 922 284 971 σεων,
325 903 384 968 ἃς
423 905 612 975 μακρὸν
651 906 753 974 ἅμα
791 910 875 960 καὶ
914 908 1154 976 ἄχρηστον
1193 909 1466 976 έξιστορεῖν.
1530 910 1610 960 ἐπὶ
1647 907 1830 971 παντὸς

138 985 231 1055 γὰρ
271 989 597 1055 ῥευματισμοῦ
636 989 718 1038 καὶ
762 986 891 1040 ’ὅλων
935 994 1034 1040 τῶν
1079 987 1318 1055 σωμάτων
1363 990 1446 1040 καὶ
1493 995 1700 1058 μερικῶς
1744 995 1829 1057 τῆς
1854 1012 1896 1045 10

139 1064 342 1135 ὑστέρας
381 1067 714 1134 ἐπιμελεῖσθαι
751 1075 1013 1137 προσῆκεν.
1091 1069 1274 1138 λέγεται
1321 1069 1375 1121 δὲ
1422 1067 1448 1122 ὁ
1494 1068 1666 1132 λευκὸς
1712 1073 1831 1139 ῥοῦς

140 1154 229 1201 τοῦ
262 1150 482 1216 ἐρυθροῦ
514 1148 979 1217 δυστραπελώτερος,
1013 1146 1079 1212 ὡς
1110 1148 1196 1202 διὰ
1226 1150 1529 1218 στενωτέρων
1559 1150 1831 1219 φερόμενος

139 1228 323 1297 πόρων.
398 1227 539 1297 ἡμεῖς
590 1230 643 1282 δὲ
688 1229 809 1283 κατὰ
855 1228 1028 1283 κοινὸν
1078 1229 1454 1298 σημειωσόμεθα
1491 1229 1577 1284 τὸν
1615 1234 1738 1301 ῥοῦν
1775 1233 1830 1284 ἐκ

137 1315 225 1363 τοῦ
273 1315 490 1378 συνεχῶς
534 1315 964 1381 καθυγραίνεσθαι
1008 1309 1122 1374 τοὺς
1167 1311 1348 1374 τόπους
1396 1310 1658 1380 διαφόροις
1706 1311 1830 1364 κατὰ

140 1389 294 1459 χρόαν
332 1388 523 1459 ὑγροῖς,
570 1390 660 1459 τὴν
699 1392 754 1444 δὲ
791 1390 1080 1459 κάμνουσαν
1119 1390 1315 1460 ἆχροεῖν
1352 1393 1435 1444 καὶ
1473 1390 1708 1460 ἀτροφεῖν
1745 1395 1828 1446 καὶ
1851 1416 1893 1450 15

141 1470 422 1539 ἆνορεκτεῖν
475 1470 571 1524 κάν
622 1481 724 1536 τοῖς
784 1471 1067 1542 περιπάτοις
1127 1471 1359 1535 πολλάκις
1421 1475 1688 1526 δυσπνοεῖν
1747 1475 1829 1526 καὶ

138 1552 480 1625 κατῳδηκότας
519 1555 644 1621 ἔχειν
682 1552 796 1617 τοὺς
833 1552 1004 1616 πόδας.

254 1641 340 1688 44.
394 1634 517 1687 κατὰ
565 1635 619 1686 δὲ
665 1633 717 1688 τὸ
765 1637 995 1705 προσεχὲς
1042 1639 1214 1689 διοίσει
1258 1634 1310 1689 τὸ
1356 1634 1523 1698 πάθος
1568 1634 1721 1689 αὑτοῦ
1762 1641 1829 1710 τῷ

138 1715 224 1770 τὸν
271 1716 360 1784 μὲν
405 1717 551 1784 χωρὶς
596 1714 758 1769 πόνου
805 1716 1058 1786 ὑπάρχειν,
1108 1717 1194 1770 τὸν
1248 1717 1302 1769 δὲ
1341 1715 1456 1785 μετὰ
1508 1715 1693 1783 πόνου,
1747 1719 1830 1770 καὶ

139 1796 261 1866 <τὸν
307 1797 432 1865 μὲν)
487 1799 633 1866 χωρὶς
683 1796 959 1864 ἕλκώσεως,
1011 1796 1097 1851 τὸν
1151 1799 1205 1850 δὲ
1255 1796 1367 1865 μεθ’
1413 1796 1660 1861 ἓλκώσεως
1719 1797 1828 1866 ἤτοι
1850 1821 1893 1854 20

142 1877 536 1948 φλεγμαινούσης
574 1875 605 1946 ἢ
647 1882 871 1948 ρ”υπαρᾶς
909 1877 942 1946 ἢ
981 1885 1221 1947 καθαρᾶς.
1298 1877 1410 1946 (ὅτε
1442 1899 1531 1945 μεν
1562 1873 1654 1932 οῦν
1684 1881 1830 1949 χωρὶς

147 2037 376 2093 quaedam
405 2036 530 2081 inter
558 2037 704 2082 lineas
735 2039 898 2083 auctor
937 2037 1282 2109 compilationis
1316 2037 1568 2094 Soraneae‚
1608 2051 1726 2093 quae
1763 2039 1828 2083 sic

142 2096 316 2167 repetit
345 2096 447 2152 ipse
480 2096 645 2141 eadem
677 2110 819 2141 manu
852 2111 896 2141 c:
944 2093 1040 2141 ἀπὸ
1075 2096 1396 2154 φλεγματικοῦ
1428 2097 1625 2153 αἵματος
1656 2122 1711 2129 —-
1743 2097 1828 2141 τοῦ

143 2151 373 2211 ὀρρόδους
403 2153 748 2212 περιττώματος
779 2181 834 2187 -
868 2151 981 2212 ἰχών
1006 2155 1105 2212 (sic)
1139 2156 1336 2212 αἵματος
1360 2181 1415 2188 —-
1440 2156 1661 2212 μελαίνης
1691 2156 1829 2212 χολῆς

144 2214 218 2271 (de
251 2214 419 2270 quibus
452 2228 619 2271 parum
651 2214 866 2285 accuraffze
897 2213 937 2256 D
969 2230 1015 2271 p.
1050 2219 1150 2260 241.
1184 2213 1242 2258 cf.
1266 2215 1370 2259 Aet.
1396 2228 1451 2259 ex
1474 2214 1661 2284 Archig.
1688 2228 1725 2258 c.
1737 2216 1827 2270 64).

201 2277 230 2316 4
261 2271 286 2317 ὁ
321 2272 374 2318 δὲ
409 2273 519 2330 (hic)
553 2288 591 2317 c.
729 2278 755 2317 5
787 2269 1016 2330 ἄκρίσεως
1047 2288 1072 2318 c
1105 2275 1238 2330 (corr.
1271 2273 1345 2329 D).
1482 2277 1508 2316 8
1539 2271 1623 2324 τὰς
1652 2290 1690 2317 τ.
1724 2274 1827 2317 δια-

141 2348 295 2389 φορας
335 2329 634 2403 ἐπεξέρχεται
674 2349 719 2390 μ.
753 2332 862 2376 DE:
911 2333 994 2388 τῆς
1031 2349 1069 2376 τ.
1103 2332 1352 2388 διαφορᾶς.
1409 2327 1742 2404 ἐπεξέρχονται
1773 2331 1827 2376 δε

141 2408 187 2449 μ.
207 2406 244 2437 c.
293 2414 296 2416 v
354 2389 646 2448 σημειώσεως
678 2406 716 2436 c.
827 2396 879 2435 11
913 2391 1151 2448 προσῆκον
1184 2405 1208 2434 c
1242 2392 1374 2447 (corr.
1405 2391 1475 2447 Ε).
1584 2395 1639 2435 13
1671 2387 1826 2448 ἧμεῖςε

144 2450 310 2495 Sorani
347 2450 493 2508 igitur
531 2453 640 2495 sunt
679 2465 797 2506 quae
836 2464 1006 2507 graeca.
1044 2451 1264 2508 leguntur
1294 2450 1344 2494 in
1375 2449 1445 2507 Ep
1448 2449 1593 2494 itome
1626 2448 1829 2494 Oribasii

141 2508 288 2554 Paris.
323 2510 443 2566 (cod.
476 2508 553 2554 Gr.
587 2511 741 2582 suppl.
770 2511 874 2566 446)
907 2511 986 2564 IV,
1013 2514 1098 2554 636
1133 2511 1208 2566 (=
1232 2509 1313 2554 lat
1339 2465 1445 2554 vebp
1442 2509 1520 2581 Ἦ,
1538 2512 1624 2553 353
1641 2522 1712 2555 ex
1735 2510 1829 2554 alio

142 2570 356 2625 auctore).
508 2566 880 2627 σημειωσάμενοι
913 2583 937 2613 c
978 2571 1110 2626 (corr.
1143 2568 1212 2625 E).
1367 2572 1422 2612 18
1454 2565 1603 2612 αὐτοῦ
1635 2581 1660 2612 c
1692 2569 1827 2624 (corr.

145 2626 220 2672 ΕΒ.
254 2627 311 2671 cf.
345 2642 374 2672 a
404 2641 449 2672 se
478 2629 593 2684 lat..)
792 2633 850 2672 20
880 2624 964 2672 τὸν
997 2627 1083 2685 μὲν
1116 2631 1224 2672 ante
1256 2644 1296 2684 χ.
1331 2622 1423 2672 ἕλκ.
1456 2640 1545 2671 om.
1580 2640 1604 2670 c
1637 2627 1737 2683 (sed.
1770 2625 1826 2670 cf

145 2684 242 2730 Sor.
275 2685 325 2730 in
358 2685 481 2731 Orib.
514 2701 571 2745 ep
573 2687 626 2733 it.
658 2689 736 2742 IV,
775 2692 859 2732 636
893 2688 941 2731 et
972 2701 1028 2731 ex
1061 2686 1218 2732 Caelio
1250 2687 1330 2732 lat.
1364 2686 1440 2730 Or.
1464 2685 1543 2742 VI,
1568 2689 1653 2729 353
1686 2685 1824 2741 Dar..)

201 2741 306 2801 ἤτοι
339 2745 414 2789 Or.
448 2746 639 2804 (Paul.):
673 2761 761 2791 om.
797 2761 835 2791 c.
1017 2751 1071 2790 21
1105 2748 1214 2803 post
1244 2745 1467 2802 καθαρᾶς
1498 2758 1592 2799 seq.
1626 2744 1827 2788 Aetiana

143 2806 217 2860 (ex
240 2804 519 2861 Archigene)
544 2821 589 2862 p.
607 2810 710 2861 242,
728 2812 820 2850 3-
832 2810 934 2862 244,
953 2810 1002 2850 8:
1034 2806 1116 2849 ubi
1146 2806 1256 2862 post
1285 2805 1370 2849 ult
1401 2819 1445 2848 v.
1478 2800 1636 2847 τόπων
1668 2801 1827 2847 album

143 2862 279 2907 unius
312 2877 403 2907 cm.
435 2863 484 2907 in
516 2878 559 2920 c,
598 2879 721 2910 novo
754 2880 814 2910 sc.
847 2864 1110 2922 fragmento
1143 2863 1394 2920 incipiente
1427 2864 1475 2906 eb
1507 2862 1732 2920 Soraueo,
1771 2874 1826 2906 ex

1471 2935 1561 2980 22*
