2014 3162
758 117 1153 169 —101—

111 255 329 321 adponiS‚
367 252 444 302 vel
483 252 688 302 mulsam
730 254 781 301 in
818 267 913 317 qua
944 252 1147 301 decocta
1180 260 1296 302 sunt
1329 254 1525 304 faenum
1566 270 1800 320 graecum

111 335 161 378 et
198 327 417 376 furfures
458 332 508 376 et
545 325 779 375 lenticula
811 327 1057 376 excoriata
1089 325 1231 391 hene,
1272 334 1321 375 et
1354 343 1412 376 ex
1447 329 1615 378 eadem
1643 329 1801 378 mulsa

110 401 399 466 encolpizaS.
478 401 519 448 si
572 415 689 449 vero
737 399 925 450 diutius
977 400 1231 449 sordidum
1271 403 1566 451 remanserit
1603 402 1801 468 vuanS,

108 475 234 524 bene
281 473 400 523 illuc
445 473 634 523 mulsae
686 481 736 523 et
774 473 1081 523 marrubium
1122 474 1378 524 admisces
1456 490 1570 523 nam
1610 482 1658 524 et
1697 477 1802 525 ervi

109 548 318 614 pollines
343 554 393 597 et
423 549 520 596 irin
553 546 790 612 illyricam
824 562 936 597 cum
969 547 1111 596 melle
1143 547 1270 597 bene
1303 548 1522 614 adponiS‚
1555 555 1604 598 et
1632 549 1802 597 aforis
1826 561 1847 594 5

110 637 169 671 ex
208 621 475 686 pollinibus
515 623 619 670 ervi
658 621 950 685 cataplasma
990 628 1040 670 et
1078 622 1367 671 artofacium
1414 623 1625 686 inponis,
1689 638 1803 671 cum

107 710 224 744 vero
266 695 443 745 vulnus
483 697 840 761 canceraverit,
896 696 938 744 si
983 695 1122 745 locus
1161 696 1242 745 hic
1282 698 1334 744 in
1372 698 1596 760 proximo
1638 696 1804 761 fuerit,

106 775 346 834 poterunt
398 770 628 818 universa
674 768 1000 818 medicamina
1049 769 1229 834 quibus
1278 769 1336 818 ad
1387 785 1564 819 canora
1613 771 1804 819 utimur

106 842 233 892 bene
273 843 480 907 adponi.·
541 844 584 891 si
623 857 739 891 vero
778 844 913 892 intus
954 843 1105 892 fuerit
1145 845 1447 909 cameratio,
1503 843 1714 892 difficilis
1755 850 1804 892 et

106 916 385 981 periculosa
425 931 544 965 cura
585 916 758 965 effecta
798 923 888 965 est.
951 931 1051 965 non
1091 918 1223 966 enim
1263 932 1529 981 possumus
1555 917 1612 966 ad
1639 917 1802 966 locum
1829 927 1871 961 10

106 989 412 1039 medicamen
443 1004 647 1055 ponere,
688 996 737 1039 et
769 1004 882 1039 cum
914 991 1100 1040 inicere
1135 992 1447 1056 coeperimus
1480 992 1626 1039 etiam
1660 1005 1802 1039 sanas

105 1070 271 1129 partes
295 1078 542 1113 vexamus.
599 1078 751 1128 quare
784 1071 980 1129 oportet
1014 1079 1105 1113 nos
1137 1066 1271 1114 intus
1305 1064 1505 1129 quidem
1537 1064 1803 1113 levioribus

105 1139 180 1187 uti
220 1137 650 1203 medicaminibuS‚
692 1138 813 1186 foris
861 1153 978 1187 vero
1026 1138 1208 1202 tepidis
1257 1138 1705 1204 cataplasmatihuS,
1754 1145 1804 1187 et

106 1226 165 1260 ex
204 1210 418 1275 plurimo
458 1211 601 1260 melle
639 1218 689 1260 et
722 1211 914 1260 modico
948 1211 1055 1261 oleo
1089 1212 1286 1261 faenum
1313 1226 1545 1276 graecum
1571 1212 1803 1261 elixatum

106 1299 216 1334 cum
271 1284 500 1350 palmulis
550 1291 716 1334 terere
775 1292 843 1334 et,
879 1285 1095 1335 admixto
1151 1286 1344 1335 modico
1398 1301 1524 1351 pane
1579 1285 1801 1351 tepidum
1828 1295 1870 1329 15

16 1377 23 1390 ·
107 1358 399 1424 cataplasma
449 1360 690 1423 inponere
745 1359 821 1408 vel
876 1360 1111 1409 artofacio
1168 1359 1480 1424 frequentius
1531 1361 1620 1423 uti,
1666 1360 1802 1409 intus

105 1438 271 1482 autem
320 1447 466 1482 sucos
513 1432 782 1481 herbarum
835 1433 1129 1498 plantaginis
1170 1440 1220 1483 et
1259 1447 1439 1482 zenzur
1480 1439 1529 1482 et
1568 1448 1690 1482 uvae
1730 1433 1802 1482 lu—

105 1507 249 1570 pinae
298 1512 348 1555 et
383 1505 697 1572 iamborum,
748 1506 826 1556 vel
876 1522 1023 1557 sucos
1061 1509 1196 1571 ipsos
1235 1506 1313 1555 vel
1353 1506 1567 1557 admixto
1606 1506 1801 1570 modico

105 1581 218 1628 vino
274 1579 351 1628 vel
399 1586 538 1629 aceto
587 1582 660 1629 sic
706 1581 908 1630 inicere.
986 1582 1028 1630 si
1074 1595 1193 1629 vero
1243 1582 1473 1629 nimietas
1515 1582 1681 1629 cancri
1722 1595 1802 1629 ex-

106 1655 333 1719 creverit,
374 1652 432 1702 ad
472 1655 660 1718 aptiora
700 1654 879 1704 auxilia
919 1654 1156 1704 accedere
1198 1653 1452 1720 debemUS,
1502 1660 1558 1703 ut
1596 1655 1648 1703 in
1687 1655 1801 1702 vino
1826 1665 1870 1698 20

107 1728 239 1776 coria
286 1726 402 1776 mali
452 1729 644 1792 granati
693 1743 806 1777 cum
854 1728 984 1778 soliis
1023 1743 1166 1778 rosae
1207 1735 1256 1777 et
1294 1730 1520 1778 turiones
1560 1728 1713 1777 olivae
1754 1736 1804 1777 et

227 1903 250 1941 1
285 1898 480 1955 adponis
514 1899 588 1943 bl:
628 1913 711 1944 om.
744 1901 787 1943 h.
892 1899 941 1943 in
972 1913 1065 1956 qua
1098 1899 1164 1956 (in
1196 1913 1319 1954 aqua
1350 1900 1419 1956 70:
1452 1912 1534 1943 om.
1570 1900 1634 1944 bl.
1757 1900 1800 1945 d.

106 1959 235 2002 sunt:
269 1958 515 2002 decoctum
547 1961 620 2003 est
649 1960 692 2014 h,
725 1959 920 2003 decocta.
950 1959 1013 2004 bl.
1137 1958 1363 2003 lenticule
1400 1960 1415 2002 l
1453 1961 1518 2013 (-a
1554 1960 1651 2015 bh).
1776 1963 1802 2002 2

105 2016 401 2073 scoriata(el)
421 2018 488 2064 bl.
610 2023 636 2061 3
670 2018 934 2075 encolpizas
968 2030 1072 2062 eum
1106 2019 1131 2062 b
1167 2019 1277 2074 (non
1310 2018 1394 2073 lh).
1517 2022 1546 2061 4
1576 2018 1690 2062 illuc
1715 2019 1801 2062 bh:

103 2074 204 2120 illic
236 2076 263 2120 l.
356 2076 557 2121 mulsae:
589 2077 743 2121 mulsa
774 2078 839 2133 bl,
872 2077 932 2121 ad
964 2077 1165 2122 mulsam
1197 2078 1239 2120 h.
1332 2076 1480 2119 herbu
1505 2077 1546 2133 b,
1577 2076 1711 2121 herbi
1734 2077 1801 2121 hl.

167 2139 193 2179 5
216 2134 354 2192 hyrin
376 2135 564 2192 illyr-iou
589 2137 618 2191 l,
644 2136 844 2181 irisirica
866 2137 908 2190 b,
931 2150 1066 2192 yreos
1090 2136 1259 2180 illirice
1284 2136 1326 2179 h.
1418 2136 1536 2180 bene
1562 2137 1634 2180 lh:
1660 2149 1743 2181 om.
1760 2137 1799 2180 b.

164 2199 192 2239 6
224 2193 417 2251 artofafi
439 2195 614 2252 h)cium
647 2197 714 2239 bl.
860 2200 884 2240 7
916 2196 1047 2240 locus
1077 2195 1156 2240 1110
1188 2196 1260 2240 bl:
1292 2195 1422 2239 locus
1454 2194 1555 2251 ipse
1586 2193 1666 2238 1110
1696 2196 1737 2239 h.

104 2257 131 2298 8
162 2255 404 2310 poterunt:
435 2254 615 2316 prodes·
651 2255 699 2309 b,
730 2255 876 2311 prode
907 2256 1016 2299 sunt
1046 2255 1083 2311 l,
1115 2256 1312 2312 possunt
1341 2255 1383 2297 h.
1507 2266 1704 2298 cancera.
1736 2254 1801 2308 bl,

106 2325 272 2357 cancer
303 2313 344 2357 h.
469 2318 495 2358 9
526 2314 646 2364 bene
680 2313 770 2369 (his
805 2315 910 2359 add.
937 2314 971 2370 l)
1006 2313 1202 2370 adponis
1228 2314 1300 2367 bl,
1331 2313 1444 2357 illuc
1476 2312 1595 2357 bene
1627 2312 1802 2369 apponi

103 2371 146 2417 h.
241 2376 296 2417 10
328 2372 516 2430 (locum)
548 2372 703 2430 ipsum
735 2374 842 2418 add.
869 2374 898 2417 l.
1007 2378 1061 2416 11
1097 2386 1332 2429 apponere
1362 2372 1404 2415 h.
1512 2371 1801 2428 coeperimus

106 2431 178 2476 bl:
215 2430 481 2487 quaerimus
513 2433 555 2477 h.
704 2436 758 2476 12
792 2432 980 2488 oportet
1008 2433 1058 2475 h:
1094 2445 1256 2476 omnes
1289 2432 1351 2475 bz.
1508 2435 1561 2473 13
1595 2430 1798 2474 medica-

106 2489 277 2535 mentis
309 2491 351 2535 h.
471 2491 638 2548 tepidsi
674 2490 783 2547 (-dis
815 2492 861 2547 h)
904 2490 1320 2547 cataplasmatibus
1354 2490 1417 2534 bl.
1542 2491 1591 2533 et
1623 2503 1698 2534 ex:
1743 2502 1799 2532 ex

104 2548 158 2593 h:
191 2549 230 2593 Sz
258 2550 326 2594 bl.
451 2554 508 2593 14
538 2549 647 2594 feno
680 2563 818 2607 greco
851 2549 973 2594 elixo
1007 2551 1048 2607 b,
1079 2549 1238 2594 fenum
1271 2562 1462 2605 grecum
1494 2548 1716 2592 elixatum
1747 2547 1797 2591 h:

107 2609 156 2652 et
184 2606 283 2652 feni
314 2622 452 2665 greco
485 2608 659 2653 elixato
692 2610 721 2653 l.
866 2614 922 2653 16
954 2607 1190 2665 artofagifi
1223 2609 1289 2665 bl,
1322 2605 1499 2652 orificio
1530 2608 1572 2651 h.
1707 2605 1797 2650 fre-

105 2666 323 2722 quentius
353 2666 438 2711 uti.
470 2667 601 2712 Intus
633 2668 685 2712 h:
717 2681 801 2713 om.
835 2669 901 2712 bl.
1031 2672 1086 2711 19
1121 2667 1325 2712 canceris
1359 2667 1459 2710 blh.
1582 2678 1797 2710 excreve-

104 2725 170 2770 rit
200 2726 284 2770 bh:
318 2726 577 2771 exercuerit
609 2728 636 2771 l.
760 2732 817 2772 20
850 2728 930 2772 ad:
962 2729 1016 2771 ut
1047 2726 1107 2771 ad
1141 2728 1176 2782 (.
1198 2762 1206 2771 .
1228 2726 1524 2781 .debeamus)‘
1549 2725 1590 2770 h.
1713 2737 1797 2778 ap-

105 2783 229 2886 tizra
260 2785 528 2887 bzhoptiora
559 2787 595 2842 l,
627 2786 814 2843 potiora
845 2787 886 2831 h.
1039 2791 1093 2830 21
1126 2784 1353 2829 tortiones
1386 2784 1539 2828 olivae
1572 2784 1620 2838 b,
1652 2781 1796 2826 turio-

106 2841 154 2886 ni
188 2857 240 2886 us
272 2857 298 2888 0
322 2843 393 2887 ‘ve
425 2845 492 2890 lh.
866 2856 869 2863 ·
