2014 3162
875 100 1272 153 —200—

237 237 455 301 μείωσις,
512 231 578 296 ὡς
623 239 881 301 Διοκλῆς
928 250 1074 300 φησι,
1132 230 1381 284 δύνασθαι
1428 231 1785 301 συλλαμβάνειν
1837 231 1924 295 τὰς

235 313 340 367 κατ’
377 312 541 382 ὀσφὺν
572 316 654 367 καὶ
677 313 861 384 λαγόνα
894 312 1164 381 εὖσάρκους
1197 313 1491 381 πλατυτέρας
1523 311 1773 380 φακῶδεις
1803 335 1925 382 nvp-

237 394 324 464 ρὰς
363 392 706 464 ἀρρενωπούς,
757 393 970 464 ἀγόνους
1011 393 1064 445 δὲ
1102 391 1254 446 πάλιν
1291 392 1376 457 τὰς
1415 395 1635 458 ἐναντίας
1674 393 1926 462 ἀτρόφους

237 475 405 545 ἰσχνὰς
448 474 480 544 ἢ
528 477 880 544 καταπιμέλους
926 474 1253 543 πρεσβυτέρας
1290 470 1323 540 ’ἢ
1368 476 1478 526 λίαν
1516 475 1644 538 νέας.
1722 473 1925 542 μάλιστα

169 580 191 612 5
239 557 293 610 δὲ
342 558 563 626 προσέχει
602 555 857 624 σημειώσει
893 561 950 625 τῇ
991 553 1073 606 διὰ
1111 560 1208 606 τῶν
1248 555 1537 622 προσθέτων
1576 553 1684 608 οἷον
1723 559 1924 626 ῥητίνης

235 636 465 708 πηγάνου
505 637 746 706 σκορόδου
778 635 1092 704 κοριάνδρου.
1155 638 1198 687 εἰ
1235 636 1323 703 μὲν
1353 634 1447 705 γὰρ
1478 633 1509 704 ἡ
1542 634 1743 704 ποιότης
1773 654 1920 705 προσ-

235 722 475 772 τεθέντων
526 718 688 771 αὐτῶν
728 720 862 787 μέχρι
899 723 985 771 τοῦ
1025 715 1256 784 στόματος
1304 714 1623 785 ἀναφέροιτο,
1671 716 1928 770 δύνασθαί

236 818 358 867 φησι
399 798 756 868 συλλαμβάνειν
795 797 962 863 αὐτάς,
1008 801 1052 850 εἰ
1089 796 1149 865 δὴ
1191 796 1274 866 μή,
1312 796 1614 852 τούναντίον.
1665 797 1925 868 Εὐήνωρ
1955 844 1958 849 .

236 882 290 934 δὲ
335 882 414 933 καὶ
464 879 770 948 Εὖρύφων
817 882 896 933 ἐπὶ
944 882 1127 946 δίφρου
1178 884 1441 946 μαιωτικοῦ
1487 882 1780 941 καθίσαντες
1825 887 1928 942 τοῖς

170 984 212 1015 10
237 961 402 1024 αὐτοῖς
448 959 811 1029 ὑπεθυμίασαν.
880 960 1002 1029 άπερ
1047 963 1228 1028 ψευδῆ.
1304 962 1385 1012 καὶ
1423 958 1516 1029 γὰρ
1557 958 1647 1012 οὐκ
1687 959 1925 1028 εὔσαρκος

234 1042 338 1096 κατ’
389 1042 551 1110 ὀσφὺν
598 1037 722 1096 οὖσα
768 1043 1026 1111 συνέλαβε,
1073 1041 1129 1094 τὰ
1168 1041 1496 1110 προστεθέντα
1536 1041 1589 1092 δὲ
1627 1042 1710 1092 καὶ
1749 1039 1926 1094 εἵλικτὰ

235 1127 317 1178 καὶ
365 1123 447 1176 διὰ
493 1130 590 1176 τῶν
637 1123 763 1196 λόγῳ
810 1129 1078 1191 θεωρητῶν
1124 1120 1489 1189 ἀναδοθήσεται
1534 1119 1704 1189 πόρων
1757 1123 1841 1174 καὶ
1887 1125 1931 1175 εἰ

199 1206 300 1274 ’μὴ
343 1204 605 1273 δυνήσεταί
650 1227 722 1268 τις
775 1203 1149 1273 συλλαμβάνειν.
1246 1201 1272 1256 ὃ
1318 1208 1443 1272 γοῦν
1495 1201 1929 1272 Ἀσκληπιάδης

236 1287 390 1353 φησὶν
436 1286 774 1353 ἐπιτιθεμένης
827 1291 912 1353 τῆς
959 1283 1041 1337 διὰ
1095 1283 1323 1353 πηγάνου
1376 1289 1600 1353 κηρωτῆς
1650 1285 1925 1357 ἓλκουμένῳ

169 1388 211 1420 15
236 1365 293 1418 τὰ
349 1367 492 1434 σκέλη
541 1364 805 1434 ἀντίληψιν
850 1372 915 1439 τῷ
960 1364 1196 1433 κάμνοντι
1242 1369 1499 1435 γίγνεσθαι
1544 1371 1631 1433 τῆς
1667 1365 1926 1435 ποιότητος

234 1445 354 1499 κατὰ
401 1445 638 1499 διάδοσιν.
715 1444 767 1499 τὸ
817 1445 1042 1499 καθόλου
1090 1446 1143 1498 δὲ
1191 1447 1416 1515 ζητητέον
1460 1444 1546 1508 τὰς
1594 1445 1715 1499 κατὰ
1771 1446 1927 1514 φύσιν

235 1526 439 1596 ἐχούσας
476 1533 542 1599 τῷ
579 1548 626 1579 τε
651 1525 747 1598 ὅλῳ
775 1526 955 1594 σώματι
984 1528 1067 1579 καὶ
1098 1532 1156 1596 τῇ
1186 1525 1376 1597 ὑστέρᾳ.
1421 1525 1650 1595 καθάπερ
1682 1525 1774 1596 γὰρ
1806 1526 1925 1582 οὐδὲ

235 1606 424 1675 λυπρὸν
454 1611 634 1675 χωρίον
663 1614 839 1660 τελειοῖ
863 1608 1109 1675 σπέρματα
1140 1609 1223 1660 καὶ
1255 1606 1405 1675 φυτά,
1436 1612 1494 1678 τῇ
1526 1608 1580 1660 δὲ
1610 1606 1726 1675 παρ’
1751 1609 1929 1661 ἑαυτοῦ

236 1692 382 1759 κακία
405 1690 486 1740 καὶ
510 1687 595 1751 τὰς
626 1686 798 1755 ἀρετὰς
829 1693 927 1740 τῶν
958 1695 1130 1754 φυτῶν
1155 1710 1202 1741 τε
1224 1690 1307 1741 καὶ
1332 1687 1618 1757 σπερμάτων
1642 1687 1928 1755 ἀπόλλυσιν,

171 1792 215 1824 20
240 1791 367 1822 ουτω
401 1771 481 1822 καὶ
518 1791 576 1821 τα
614 1775 712 1822 τῶν
750 1776 967 1837 θηλειῶν
1004 1791 1136 1838 παρα
1176 1768 1330 1836 φύσιν
1363 1772 1643 1837 διακείμενα
1676 1791 1735 1822 ου
1767 1777 1933 1837 κρατεῖ

236 1855 335 1902 τῶν
383 1850 686 1917 μεθιεμένων
725 1853 793 1912 εἰς
840 1873 962 1902 αυτα
1001 1849 1304 1919 σπερμάτων,
1343 1848 1463 1902 ἀλλα
1501 1856 1557 1921 τῇ
1595 1849 1712 1919 παρ’
1742 1851 1931 1938 ἑαυτῶν

235 1934 384 1983 κακία
424 1936 683 1983 συννοσεῖν
720 1933 802 1983 καὶ
841 1929 1151 1984 ἀπόλλυσθαι
1188 1937 1338 1984 ταῦτα
1354 1930 1650 2000 ἀναγκάζει.

359 2080 384 2119 2
418 2073 489 2146 μὴ
516 2077 642 2145 (ante
675 2072 782 2119 κατ’
819 2071 944 2149 ὀσφ.)
978 2076 1082 2121 add.
1108 2077 1161 2120 E.
1284 2072 1440 2147 ὀσφάν
1461 2076 1576 2147 (sie)
1604 2091 1639 2121 c
1733 2082 1759 2121 3
1793 2073 1927 2133 ἀρρε-

240 2132 429 2185 νωπούς
459 2130 678 2190 ἀγόνους.
733 2131 816 2186 τὰς
850 2132 1067 2186 ἐναντίας
1099 2133 1151 2180 δε
1183 2131 1327 2179 πάλιν
1358 2131 1599 2191 ἀτρόφους
1632 2149 1656 2180 c
1689 2136 1822 2192 (corr.
1855 2137 1927 2194 E).

299 2198 327 2236 4
359 2188 387 2250 ἢ
425 2195 651 2249 (καταπω)
692 2193 773 2238 καὶ
805 2208 841 2238 c.
995 2211 1070 2251 πρ.
1103 2196 1208 2238 λίαν
1241 2190 1270 2251 ἢ
1303 2208 1327 2238 c
1361 2195 1494 2250 (corr.
1528 2193 1598 2250 Ε).
1749 2194 1866 2239 νέαν
1898 2209 1927 2239 0

238 2254 370 2307 (corr.
403 2253 477 2309 D)
601 2258 626 2296 5
659 2258 903 2310 προσεχεῖς
934 2267 971 2298 c.
1095 2259 1121 2299 6
1157 2251 1385 2310 σκορόδου
1418 2253 1454 2296 Ε
1491 2253 1632 2310 (Hip
1638 2254 1759 2310 .,ΙΙΙ
1794 2260 1832 2298 7.
1867 2253 1925 2300 cf.

238 2315 308 2355 25.
341 2310 398 2367 ΙΙ,
425 2312 551 2367 637):
585 2312 853 2370 σκορδαμοῦ
887 2326 925 2356 c.
1071 2317 1097 2357 8
1131 2313 1189 2356 de
1222 2312 1339 2357 sella
1371 2314 1418 2356 eb
1431 2269 1659 2382 fumigat
1694 2313 1750 2358 cf.
1782 2312 1925 2385 Hipp.

236 2346 729 2441 111,24'sqq.11,632.
870 2377 923 2414 11
958 2366 1113 2425 ὀσφὺν
1147 2363 1285 2416 οὖσαι
1318 2367 1554 2427 ὀσφύοςο
1687 2370 1926 2442 εἰληκτικά

237 2443 276 2472 c.
416 2434 469 2471 12
501 2428 581 2472 καὶ
612 2425 640 2484 ἡ
676 2427 756 2474 ὃια
789 2445 814 2474 ο
846 2431 976 2486 (corr.
1010 2430 1081 2486 Ε).
1214 2426 1365 2487 λόγων
1397 2444 1433 2475 c.
1572 2430 1653 2474 καὶ
1685 2427 1747 2487 μὴ
1782 2432 1924 2487 δυνη-

235 2483 444 2542 θήσεταί
470 2504 539 2537 τις
570 2501 594 2531 c
628 2490 761 2558 (corr.
793 2488 866 2544 E).
990 2494 1044 2532 14
1077 2485 1341 2545 ἑλκωμένης
1373 2489 1536 2544 (sic)c
1570 2490 1702 2544 (corr.
1735 2489 1808 2546 Ε).

241 2551 295 2590 15
329 2547 595 2613 γίγνεσθαιε
651 2542 680 2603 ἢ
712 2547 940 2603 γενέσθαι
973 2561 1009 2591 c.
1163 2552 1217 2591 16
1251 2543 1303 2591 έν
1335 2548 1396 2590 τῶ
1431 2543 1644 2592 καθόλου
1678 2553 1928 2593 c.18

237 2601 415 2662 λυπρὸν
447 2621 486 2661 χ
529 2608 706 2649 τελειοί·
728 2606 856 2650 Dan:
890 2603 1104 2663 λαμπρὸν
1136 2623 1175 2662 χ.
1202 2604 1355 2650 τέλεια
1389 2620 1425 2650 c.
1518 2601 1700 2650 εαυτῶν
1732 2621 1756 2651 c
1790 2609 1923 2663 (corr.

235 2693 310 2763 E).
477 2698 529 2737 19
563 2693 726 2763 φυτῶν
759 2709 807 2738 τε
842 2692 922 2738 καὶ
957 2694 1116 2750 (sie)c
1276 2699 1332 2738 20
1363 2693 1443 2738 καὶ
1475 2690 1532 2738 τὰ
1565 2694 1625 2740 E:
1657 2667 1924 2739 καιὲακατά
1965 2743 1980 2747 ,

236 2769 294 2797 τα
329 2750 426 2809 (καὶ
458 2749 542 2803 τὰς
573 2748 693 2796 κατὰ
726 2749 859 2809 τὰ>ο
1027 2758 1081 2797 21
1117 2749 1139 2797 ε’
1233 2748 1354 2796 αὐτὰ
1389 2755 1512 2809 (cum
1545 2753 1652 2798 albo
1683 2757 1709 2812 ff
1746 2756 1850 2811 cm.)
1885 2766 1924 2798 ο.
