2014 3162
82 281 175 338 (30)
312 278 396 332 89.
453 281 588 339 Quae
635 286 711 330 est
757 295 873 345 ergo
921 296 1128 330 mamma
1183 288 1293 347 apta
1339 281 1398 330 ad
1445 281 1766 332 nutriendum
1817 284 1890 332 in-

199 351 420 405 fantem?

311 428 624 478 adulescenta
680 428 879 493 quidem
933 435 984 478 et
1040 444 1163 493 quae
1211 430 1307 477 iam
1357 428 1433 478 bis
1488 431 1706 494 peperit,
1760 429 1888 479 bono

202 504 347 552 etiam
404 504 481 552 sui
536 504 760 567 corporis
811 504 875 551 sit
923 502 1086 551 colore
1129 508 1177 551 et
1215 509 1390 567 pectus
1430 502 1583 552 latum
1621 502 1800 552 haheat
1839 511 1888 553 et

161 586 440 625 5mammas
479 578 611 641 ipsas
650 591 813 640 neque
853 591 1059 640 rugosas
1099 591 1260 640 neque
1302 578 1420 625 satis
1459 575 1658 643 breveS,
1710 582 1760 626 et
1798 591 1890 626 nec

201 650 414 700 multum
452 650 662 715 grandes
702 665 935 699 cavernas
975 649 1213 699 habentes
1253 665 1416 714 neque
1455 665 1629 698 verum
1666 665 1803 699 raras
1841 658 1890 700 et

201 722 393 790 breveS,
425 725 586 772 animo
620 725 766 772 etiam
798 724 1018 787 prudens
1052 730 1101 772 et
1133 739 1257 787 quae
1290 725 1483 788 integro
1516 724 1695 773 affectu
1727 739 1889 774 amare

203 799 350 847 etiam
403 812 616 863 puerum
674 799 832 862 possit
893 805 942 846 et
1000 812 1123 861 quae
1179 812 1448 861 numquam
1502 798 1756 864 irascitur,
1820 799 1890 847 sic

205 874 351 920 etiam
393 873 435 920 si
473 872 581 920 fieri
619 877 798 937 potest,
839 870 1023 920 Graeca
1064 873 1127 920 sit
1166 877 1215 919 et
1255 871 1450 921 munda.

86 947 180 1004 (32)
318 943 403 995 90.
445 944 550 1002 Qua
588 947 693 1001 vita,
725 945 910 1009 agenda
950 952 1025 994 est
1064 941 1268 994 nutrix?

136 1031 177 1061 11
315 1020 644 1068 communiter
684 1020 813 1068 sicut
851 1034 1023 1067 omnes
1062 1018 1287 1068 homines
1327 1025 1383 1067 ut
1422 1010 1539 1068 san'a
1579 1033 1686 1068 esse
1717 1020 1890 1084 possit.

202 1095 426 1142 exerceri
458 1107 574 1157 ergo
609 1092 770 1157 dehet,
806 1092 999 1142 lavacro
1028 1091 1103 1141 vel
1127 1094 1453 1156 perunctione
1479 1108 1660 1158 corpus
1684 1093 1891 1142 reficere

202 1166 466 1231 cibumque
492 1166 797 1215 sufficienter
822 1181 1034 1232 sumere,
1059 1181 1352 1231 semperque
1386 1165 1722 1216 ebriositatem
1746 1172 1798 1216 et
1816 1168 1888 1215 in-

203 1239 527 1305 digestionem
553 1242 706 1289 vitare
734 1255 1006 1304 omnesque
1031 1255 1279 1307 excessuS,
1307 1240 1588 1305 specialiter
1612 1255 1729 1289 sane
1747 1255 1892 1304 supe·

134 1324 179 1358 15
202 1316 362 1363 riores
378 1321 543 1379 partes
561 1320 611 1363 et
626 1329 737 1363 man
745 1329 801 1363 us
826 1313 901 1362 vel
917 1315 1127 1362 maxime
1142 1329 1373 1363 exercere
1392 1321 1448 1363 ut
1461 1313 1732 1379 plurimum
1749 1313 1891 1363 lactis

203 1394 252 1438 et
276 1388 521 1453 digestum
546 1389 770 1436 mammis
795 1386 981 1453 influat,
1008 1393 1053 1436 et
1089 1390 1131 1436 si
1156 1387 1265 1436 fieri
1288 1394 1452 1452 potest
1475 1387 1534 1436 ad
1559 1389 1719 1437 virum
1744 1402 1891 1437 suum

201 1463 253 1511 in
283 1468 444 1512 totum
476 1477 575 1510 non
607 1461 821 1526 accedat,
854 1476 916 1509 ne
950 1476 1043 1510 usu
1076 1461 1275 1510 venerio
1309 1463 1653 1526 purgationem
1677 1476 1889 1511 comme-

202 1541 378 1601 moret,
417 1550 513 1600 qua
553 1537 931 1599 superveniente
971 1534 1045 1583 lac
1091 1537 1449 1584 exterminatur
1487 1541 1539 1584 et
1571 1537 1890 1600 extinguitur.

202 1611 375 1674 primis
407 1623 523 1658 vero
557 1608 731 1657 diebus
765 1623 889 1672 quae
922 1607 1103 1657 lactare
1131 1610 1305 1672 incipit
1330 1609 1578 1673 simplices
1603 1608 1740 1658 cibos
1766 1610 1891 1659 acci-

137 1693 180 1726 20
202 1684 306 1748 piat
352 1690 402 1732 et
439 1697 615 1746 aquam
655 1681 805 1748 bibat,
844 1697 905 1730 ne
947 1681 1157 1731 solidum
1195 1682 1270 1730 lac
1311 1697 1423 1731 mox
1461 1684 1589 1731 natis
1619 1683 1891 1732 infantibus

203 1771 316 1806 curn
356 1755 642 1806 difficultate
679 1771 770 1820 per
809 1757 1058 1820 angustias
1098 1757 1315 1820 gutturis
1355 1756 1636 1822 descendat,
1674 1765 1726 1805 et
1763 1758 1893 1806 sicut

324 1903 346 1941 1
382 1911 492 1955 ergo
525 1898 612 1942 bh:
646 1911 728 1942 om.
763 1898 790 1941 l.
913 1898 1026 1954 apta
1056 1911 1262 1942 mamma
1293 1898 1359 1942 lh.
1482 1902 1509 1942 3
1540 1897 1639 1954 Α1(1
1653 1898 1892 1955 h)escenta

208 1958 256 2013 b,
289 1954 534 2002 Alestenta
563 1958 591 2000 l.
714 1955 903 2012 quidem
935 1956 1006 2000 lh:
1039 1970 1123 2001 om.
1149 1958 1177 2001 l.
1298 1957 1486 2014 peperit
1516 1958 1552 2001 Z:
1585 1958 1819 2014 peperunt
1849 1958 1914 2001 b.'

291 2021 320 2059 4
351 2016 475 2060 latiis
506 2017 606 2072 (sic)
639 2016 686 2060 b:
719 2014 843 2059 latus
876 2016 939 2059 lh.
1062 2015 1238 2060 habeat
1269 2016 1307 2059 Z:
1339 2015 1486 2061 habet
1516 2017 1593 2061 bh.
1690 2017 1739 2060 et
1770 2017 1893 2072 (ante

203 2091 447 2146 mammas)
481 2090 657 2134 addidi.
810 2094 836 2133 ὅ
868 2103 1095 2134 mammas
1130 2091 1177 2134 b:
1212 2077 1350 2133 didas
1383 2090 1410 2135 Z.
1585 2103 1736 2147 neque
1768 2092 1892 2147 (ante

201 2150 322 2205 rug.)
356 2149 530 2192 addidi.
681 2162 873 2204 rugosas
906 2149 940 2192 Z:
973 2162 1056 2194 om.
1091 2150 1130 2193 b.
1261 2149 1369 2194 haec
1401 2150 1553 2207 (5—7)
1584 2150 1650 2194 sie
1680 2150 1811 2194 habet
1840 2150 1890 2194 h:

202 2206 423 2263 ipsasque
470 2221 718 2251 mammas..
780 2221 929 2263 neque
976 2206 1173 2252 nimium
1222 2208 1366 2253 laxas.
1440 2221 1671 2266 erugosas.
1740 2221 1891 2264 neque

203 2265 375 2310 iterum
412 2266 549 2311 valde
590 2268 749 2310 tensas
788 2266 978 2323 papille.
1041 2281 1191 2323 neque
1229 2266 1431 2310 multum
1463 2267 1676 2324 grandes.
1738 2281 1890 2324 neque

203 2325 341 2370 valde
380 2325 557 2369 breves.
621 2326 669 2369 et
708 2338 765 2368 ne
803 2324 975 2369 multas
1016 2339 1240 2370 cavernas
1271 2325 1460 2370 habent.
1522 2325 1685 2382 Neque
1716 2325 1889 2370 iterum

204 2397 333 2428 raras
367 2385 414 2427 et
443 2383 622 2428 breves.
745 2389 770 2428 6
803 2384 1047 2428 habentes:
1079 2384 1254 2428 habeat
1285 2385 1349 2428 bl.
1474 2391 1498 2430 7
1533 2399 1638 2429 cum
1670 2385 1888 2443 (integro)

204 2443 311 2487 add.
345 2443 410 2486 lh.
533 2447 559 2487 8
593 2442 735 2486 etiam
767 2443 814 2487 b:
847 2456 929 2488 om.
963 2444 1028 2486 lh.
1150 2457 1346 2499 puerum
1379 2444 1462 2488 bh:
1494 2443 1722 2489 infantem
1755 2445 1782 2489 l.

205 2506 231 2546 9
265 2514 404 2558 greca
437 2502 510 2545 bl:
550 2504 687 2558 grata
719 2505 764 2557 (1)
797 2503 839 2547 h.
964 2506 1018 2546 10
1050 2501 1221 2546 matrix
1253 2503 1281 2546 l.
1405 2508 1457 2546 11
1494 2506 1565 2548 est
1594 2503 1750 2560 (sicut)
1783 2503 1888 2550 add.

206 2560 236 2604 Z.
390 2564 443 2605 12
492 2561 633 2605 debet
662 2560 852 2605 labacro
883 2559 960 2604 vel
991 2561 1347 2619 perunccionem
1377 2562 1455 2606 sol.
1488 2563 1539 2607 h.-
1586 2575 1670 2606 om.
1703 2563 1768 2607 bl.

206 2633 371 2675 corpus
403 2620 590 2664 reficere
622 2620 707 2664 bh:
748 2620 802 2663 ut
832 2633 998 2676 corpus
1028 2620 1209 2664 reficiat
1239 2620 1266 2663 Z.
1392 2625 1447 2664 14
1477 2622 1636 2665 vetare
1669 2622 1708 2666 b.
1833 2625 1886 2665 15

206 2677 409 2722 exerceri
441 2679 468 2724 l.
589 2683 643 2723 17
675 2678 724 2722 in
752 2679 854 2723 toto
886 2679 926 2735 b,
958 2691 1040 2724 om.
1074 2679 1139 2724 lh.
1235 2682 1289 2722 18
1321 2681 1652 2724 commemoret
1682 2681 1729 2724 b:
1765 2694 1888 2725 com-

203 2740 393 2797 mdvere
427 2753 442 2796 l
475 2753 613 2809 (wnde
642 2751 860 2809 purgatio
893 2765 940 2797 se
975 2754 1267 2798 commoveat
1296 2753 1357 2808 h).
1513 2757 1566 2797 19
1599 2765 1738 2808 quaet
1795 2767 1889 2809 qua

205 2812 259 2855 bl
290 2814 397 2867 (quo
429 2812 488 2867 h).
641 2817 698 2855 20
737 2809 930 2855 infantis
964 2813 1027 2856 lh.
1178 2816 1233 2855 21
1270 2811 1508 2868 angustias
1540 2812 1588 2856 b:
1621 2812 1887 2869 congustias

206 2870 271 2914 lh.
395 2870 575 2927 gutturi
607 2871 632 2915 b
665 2871 765 2926 (-ris
797 2871 882 2927 lh).
1005 2870 1246 2915 discendat
1277 2871 1317 2916 b.
