2014 3162
872 99 1270 153 —250—

236 233 540 297 φαλοτομίαν
578 230 993 301 παραλαμβάνειν.
1053 235 1135 285 δεῖ
1164 233 1220 293 δὲ
1257 234 1489 301 τέσσαρας
1519 233 1788 298 δακτύλους
1820 238 1924 288 δια-

238 311 479 380 στήσαντα
533 311 631 366 ἆπὸ
688 319 774 380 τῆς
819 312 1023 383 γαστρὸς
1068 311 1366 367 ἀποκόπτειν
1410 313 1499 382 τὴν
1546 313 1810 382 ὀμφαλίδα
1840 314 1926 368 διά

235 415 367 457 τινος
421 393 642 463 ἕπάκμου
698 394 841 463 χάριν
895 401 982 449 τοῦ
1039 398 1282 463 μηδεμίαν
1335 397 1566 466 γενέσθαι
1619 400 1924 464 περίθλασιν.

235 475 396 543 πάσης
450 476 504 528 δὲ
548 475 668 543 ὕλης
714 475 1065 544 τμητικώτατός
1117 479 1246 530 ἔστιν
1292 474 1318 530 ὃ
1366 479 1579 545 σίδηρος.
1656 481 1711 530 αἱ
1751 479 1925 531 πολλαὶ

192 575 213 608 5
238 557 292 610 δὲ
329 562 426 609 τῶν
458 558 770 624 μαιουμένων
800 557 903 629 ἥλῳ
935 554 967 624 ’ἢ
992 556 1192 629 καλάμῳ
1217 554 1249 624 ἢ
1275 555 1493 627 ὀστράκῳ
1517 554 1549 623 ἢ
1575 562 1640 629 τῷ
1663 559 1811 628 λεπίῳ
1834 563 1923 612 τοῦ
1960 595 1962 598 v

179 631 182 635 ⁴
237 638 386 707 ἄρτου
435 637 753 706 δοκιμάζουσι
797 637 887 706 τὴν
935 637 1199 706 ἀποκοπὴν
1237 636 1268 705 ἢ
1309 642 1426 710 λίνῳ
1467 642 1641 705 βιαίως
1679 636 1924 708 ἀποσφίγ-

238 722 395 785 ξασαι,
419 724 484 789 τῷ
510 718 862 773 δυσοιώνιστόν
886 718 1012 773 εἶναι
1041 718 1134 788 τὴν
1165 721 1219 772 ἐν
1241 725 1306 793 τῷ
1331 718 1505 791 πρώτῳ
1530 717 1689 790 χρόνῳ
1715 718 1923 787 σιδήρου

235 798 406 868 τομήν,
446 799 565 868 ὅπερ
599 804 852 864 παντελῶς
883 799 1236 871 καταγέλαστόν
1268 803 1409 854 ἐστιν.
1464 803 1507 853 εἰ
1544 798 1609 868 μὴ
1648 798 1701 854 τὸ
1739 804 1924 854 κλαίειν

237 878 354 934 αὐτὸ
403 881 754 935 δυσοιώνιστόν
795 885 958 955 ἐστιν..
1012 881 1110 936 ἆπὸ
1163 883 1216 935 δὲ
1253 881 1428 936 τούτου
1466 880 1519 935 τὸ
1558 882 1804 951 γεννηθὲν
1842 881 1926 949 ἅρ-

171 982 213 1013 10
236 983 366 1030 χεται
403 967 490 1015 τοῦ
530 966 631 1031 ζῆν.
713 962 848 1026 ’ὅπως
888 964 942 1016 δὲ
981 962 1100 1032 μήτε
1139 962 1517 1031 διαπριζόμενον
1555 961 1607 1016 τὸ
1639 968 1778 1030 σῶμα
1809 962 1924 1031 μήτε

235 1042 606 1111 περιθλώμενον
644 1046 902 1112 συμπαθὲς
940 1046 1137 1115 γένηται
1174 1046 1255 1097 καὶ
1296 1043 1679 1114 διαγανακτήσῃ,
1722 1043 1925 1112 ἄμεινον

236 1123 767 1194 ἆδεισιδαιμονέστερον
792 1130 962 1197 σμιλίῳ
993 1132 1176 1194 μᾶλλον
1207 1124 1292 1178 τὸν
1324 1122 1551 1192 ὀμφαλὸν
1580 1123 1792 1191 κόπτειν,
1825 1122 1924 1178 εἶτα

235 1204 287 1258 τὸ
327 1207 381 1258 ἐν
420 1205 551 1278 αὐτῷ
590 1206 935 1275 περιεχόμενον
967 1209 1231 1275 ἐκθλίβειν,
1263 1204 1383 1275 ὅπερ
1423 1204 1571 1259 οὐδὲν
1601 1202 1765 1275 ἕτερόν
1797 1207 1925 1259 ἐστιν

236 1289 280 1338 εἰ
317 1285 381 1354 μὴ
421 1286 641 1357 πεπηγὸς
679 1285 810 1356 αἷμα.
887 1288 1091 1341 κᾶπειτα
1127 1287 1180 1341 τὸ
1219 1286 1373 1358 ἄκρον
1412 1294 1496 1356 τῆς
1527 1291 1770 1357 διακοπῆς
1801 1287 1926 1342 ἆπο-

169 1386 211 1419 15
236 1373 462 1438 σφίγγειν
510 1371 621 1441 ἐρίῳ
671 1370 978 1442 ἕστραμμένῳ
1017 1367 1051 1438 ἢ
1092 1374 1209 1442 μίτῳ
1248 1367 1281 1438 ἢ
1321 1367 1526 1438 κροκύδι
1562 1368 1599 1437 ἥ
1635 1390 1732 1422 τινι
1767 1389 1925 1437 παρα·
1985 1391 1987 1393 ’

236 1453 441 1522 πλησίῳ.
495 1448 547 1504 τὸ
587 1449 680 1520 γὰρ
716 1454 854 1504 λίνον
884 1452 1116 1520 ἐντέμνον
1147 1451 1238 1519 τὴν
1267 1453 1536 1519 τρυφερίαν
1557 1455 1656 1504 τῶν
1687 1449 1925 1518 σωμάτων

237 1530 678 1599 δυσυπομονήτους
732 1530 1011 1600 ἀλγηδόνας
1057 1532 1288 1586 ἀποτελεῖ.
1381 1531 1434 1586 τὸ
1483 1532 1536 1584 δὲ
1583 1530 1925 1601 ἆποβροχίζειν

235 1611 286 1665 τὸ
335 1614 501 1681 μέρος,
550 1611 616 1676 ὡς
662 1611 1006 1682 ὑπεδείξαμεν,
1056 1614 1328 1685 ἀναγκαῖον
1369 1613 1486 1667 ὥστε
1525 1612 1589 1681 μὴ
1629 1619 1716 1681 τῆς
1754 1616 1924 1682 αἱμορ-

236 1697 407 1763 ραγίας
467 1695 802 1764 ἐπιγίγνεσθαι
862 1698 1126 1762 κίνδυνον,
1185 1702 1282 1748 τῶν
1344 1697 1563 1748 ἐνταῦθα
1613 1693 1822 1764 ἆγγείων
1871 1694 1923 1749 τὸ

168 1794 211 1826 20
237 1774 333 1828 ἀπὸ
373 1782 458 1845 τῆς
496 1776 714 1845 κυούσης
754 1775 872 1845 αἷμα
911 1779 994 1829 καὶ
1028 1782 1225 1846 πνεῦμα
1260 1780 1554 1839 διακονικῶς
1585 1777 1924 1846 ε’πικεχορηγη-

233 1856 391 1911 κότων
439 1864 504 1929 τῷ
559 1857 742 1926 σώματι
795 1859 881 1912 τοῦ
928 1859 1160 1927 βρέφους.
1247 1857 1325 1912 διό
1371 1879 1496 1921 τινες
1541 1858 1630 1925 μὲν
1676 1856 1790 1925 μετὰ
1835 1857 1925 1926 τὴν

234 1936 498 2006 ἀποκοπὴν
542 1940 819 1992 έπέκαυσαν
857 1939 942 1992 τὸν
982 1938 1209 2007 ὀμφαλὸν
1249 1938 1331 1993 διὰ
1354 1937 1525 1993 ταῦλοῦ
1557 1932 1925 2006 θερμανθέντος

233 2017 266 2088 ἢ
308 2018 390 2072 διὰ
428 2025 515 2073 τοῦ
551 2021 755 2083 πλατέος
792 2027 877 2089 τῆς
916 2020 1088 2089 μήλης,
1128 2020 1246 2089 ’ὅπερ
1279 2027 1438 2074 ποιεῖν
1467 2018 1598 2088 ἡμᾶς
1620 2018 1925 2088 ἆποδοκιμά-
1981 2019 1987 2030 ’

233 2165 273 2210 D
306 2181 349 2222 p.
370 2170 450 2209 161
485 2166 580 2210 not,
610 2170 647 2221 1,
680 2165 794 2210 item
819 2166 1076 2211 Vossianus
1107 2165 1230 2210 Erm.
1263 2165 1408 2223 praef
1441 2181 1485 2222 p.
1513 2164 1623 2219 CX).
1749 2169 1770 2208 1
1805 2159 1924 2209 «ἰπο-
1974 2203 1978 2206 .
2012 2161 2014 2179 ²

237 2221 516 2296 λαμβάνειν
530 2238 554 2268 0
588 2225 721 2297 §corn
755 2225 825 2280 E)
985 2223 1330 2281 διαστήσαντας
1362 2239 1386 2270 0
1419 2226 1553 2282 (corr.
1585 2223 1656 2281 E).
1807 2227 1838 2268 4
1868 2221 1922 2268 δὲ

233 2278 344 2338 υλης
375 2284 436 2327 D:
470 2278 516 2328 δ’
553 2300 694 2355 ευνης
726 2298 762 2328 0.
868 2289 893 2328 5
910 2286 1068 2359 λεπίῳ
1101 2285 1284 2342 (cortice
1306 2285 1451 2341 panis
1481 2284 1606 2340 lanz)
1639 2282 1788 2327 λεπτῶ
1822 2296 1860 2327 0.

235 2349 260 2388 6
292 2343 536 2396 λινωζιαίω
569 2339 868 2400 ἄποσφίγξας
901 2339 948 2394 ἐς
979 2341 1030 2389 τὸ
1065 2345 1106 2390 δ.
1141 2358 1164 2388 0
1197 2346 1340 2418 (corr.
1362 2343 1415 2399 D,
1456 2342 1519 2403 τῷ
1554 2344 1595 2387 δ.
1628 2341 1698 2398 Ε).
1897 2345 1922 2386 7

233 2404 453 2446 δυσαιων.
487 2402 619 2473 (item
650 2401 789 2459 infra)
823 2417 846 2446 0
879 2404 1012 2459 (corr.
1048 2403 1118 2460 E).
1241 2407 1266 2447 8
1300 2401 1351 2446 αἳ
1381 2398 1432 2446 τὸ
1467 2388 1710 2473 κλέεινΙαί
1736 2397 1788 2445 τὸ
1823 2402 1862 2445 δ.
1898 2414 1922 2443 0
1978 2415 1979 2418 ’

234 2464 366 2518 (corr.
387 2457 446 2515 D
480 2458 608 2530 εἰμὴ
643 2463 762 2519 ego).
889 2467 943 2506 10
977 2460 1029 2507 δὲ
1064 2477 1154 2507 om.
1187 2476 1227 2507 0.
1351 2457 1720 2533 διὰπριζόμενον
1753 2459 1856 2517 (sic)
1883 2473 1921 2505 0.

296 2524 348 2564 11
383 2517 661 2577 συμπάθεια
693 2537 734 2577 γ.
766 2520 847 2565 καὶ
880 2518 1275 2577 διαγανακτήσας
1307 2535 1343 2565 0.
1489 2516 1697 2576 ἀμείνων
1730 2533 1754 2564 0
1787 2519 1919 2575 (corr.

232 2610 304 2665 E).
465 2613 518 2652 12
552 2604 1041 2684 αδυσιδαιμονήτερον
1069 2578 1217 2684 (unse
1244 2608 1327 2665 sic)
1359 2622 1397 2653 0.
1537 2604 1638 2652 εἶτα
1669 2607 1707 2651 Ε
1741 2607 1918 2662 (deinde

232 2668 356 2725 lato:
391 2668 469 2712 ι’να
502 2672 742 2712 0.15
777 2665 885 2741 ἐρίῳ
918 2668 978 2712 E:
1012 2664 1074 2718 ὦς
1106 2665 1214 2725 ἐρίῳ
1248 2681 1286 2711 0.
1409 2661 1438 2723 ἢ
1472 2663 1561 2722 τὴν
1591 2667 1923 2742 παραπλησίως

234 2741 259 2771 0
292 2729 425 2784 (corr.
450 2726 520 2783 E).
646 2732 699 2772 16
734 2723 959 2802 ε’κτὲμνον
991 2741 1016 2771 0
1050 2729 1185 2784 (corr.
1210 2725 1319 2783 E²p
1324 2728 1442 2783 ..36)
1568 2730 1622 2770 18
1654 2722 1923 2782 αναγκαίως
1964 2719 1999 2771 ssss'

233 2789 420 2842 c(con·.
455 2785 529 2843 D).
640 2791 693 2831 19
727 2783 958 2831 ἐντεῦθεν
991 2800 1014 2830 0
1047 2790 1179 2843 (corr.
1213 2785 1282 2841 E).
1399 2790 1455 2830 22
1489 2782 1568 2830 δια
1601 2785 1778 2829 δαυλοῦ
1809 2787 1921 2841 θερ-
1971 2793 1973 2795 ’

233 2845 472 2902 μαθέντος
505 2845 605 2902 (sic)
640 2860 663 2890 0
697 2846 829 2902 (corr.
862 2845 934 2902 E).
