2014 3162
886 121 1280 176 -324—

237 254 613 325 παροπτήσεως,
665 254 868 309 εὐτόνου
907 257 1117 324 τρίψεως
1156 259 1376 322 μερικῆς,
1417 253 1807 323 συμπασμάτων,
1847 256 1927 325 ἐγ-

237 336 559 406 καθισμάτων
615 338 852 407 δριμέων,
901 341 1095 389 πεσσῶν
1146 333 1424 403 ἆμυκτικῶν
1461 337 1545 388 καὶ
1582 335 1928 405 μαλαγμάτων,

239 424 537 486 σιναπισμοῦ
576 419 659 471 καὶ
696 423 781 485 τῆς
819 415 940 470 κατὰ
979 415 1162 469 κύκλον
1202 414 1411 485 ἀγωγῆς.
1490 419 1533 468 εἰ
1570 416 1625 468 δὲ
1663 414 1727 484 μὴ
1761 415 1926 471 λύοιτο

236 497 267 567 ἡ
311 498 559 566 διάθεσις,
607 501 686 552 καὶ
735 505 801 571 τῷ
849 497 914 551 δι’
966 496 1222 566 ἐλλεβόρου
1267 503 1444 551 λευκοῦ
1491 503 1759 569 σπαραγμῷ
1810 497 1927 566 μετὰ

191 602 213 634 5
237 579 351 644 τοὺς
407 579 505 634 ἀπὸ
561 583 854 650 ῥαφανίδων
901 579 1097 647 ἐμέτους
1145 577 1446 646 ἀποδημίαις
1489 599 1537 631 τε
1580 579 1661 636 ἐπὶ
1706 585 1796 647 γῆς
1846 581 1926 632 καὶ

234 661 490 729 θαλάσσης
547 664 629 714 καὶ
679 660 979 728 αὖτοφυέσιν
1035 659 1240 727 ὕδασιν,
1292 654 1363 713 οἷν
1409 658 1640 713 ἁπάντων
1686 659 1777 728 τὴν
1824 662 1928 714 ε’πι-

238 742 402 804 δέξιον
433 747 605 810 χρῆσιν
644 743 704 794 ἐν
742 749 866 805 τοῖς
903 742 1035 808 περὶ
1067 740 1472 809 βοηθημάτων
1502 739 1928 810 ’ὑπομνήμασιν

236 821 605 890 ε’φωδεύκαμεν.
987 892 990 897 ¹

349 909 434 957 29.
505 906 563 957 οἷ
607 910 876 956 πλεῖστοι
932 904 993 956 δὲ
1046 910 1151 957 τῶν
1200 901 1490 972 ἆρχαίων,
1536 906 1581 956 εἰ
1624 905 1707 956 καὶ
1753 908 1927 971 μικροῦ

173 1007 216 1040 ιο
242 987 347 1037 δεῖν
384 983 563 1048 πάντες
603 984 891 1054 ἑτερόδοξοι,
924 984 1196 1038 δυσώδεσιν
1228 983 1525 1053 ὄσφραντοῖς
1556 986 1781 1053 ἐχρῶντο,
1821 982 1929 1038 οἷον

235 1067 372 1134 θριξὶ
417 1067 741 1134 κεκαυμέναις
791 1067 874 1118 καὶ
913 1066 1179 1134 ε’λλυχνίοις
1217 1064 1594 1134 ἆπεσβεσμένοις
1633 1067 1842 1137 ε’λαφείῳ
1880 1087 1928 1118 τε

234 1149 399 1215 κέρατι
436 1149 778 1219 τεθυμιαμένῳ
818 1148 901 1199 καὶ
939 1148 1074 1213 ἐρίου
1114 1145 1416 1214 κναφάλλοις
1461 1148 1779 1214 πεπαυμένοις
1822 1147 1927 1214 δέρ-

235 1231 357 1295 μασί
391 1249 438 1281 τε
477 1230 558 1280 καὶ
598 1228 782 1296 ῥάκεσι,
832 1230 1071 1299 καστορίῳ
1112 1231 1412 1296 διαχρίοντες
1449 1226 1534 1291 τὰς
1572 1230 1711 1296 ῥῖνας
1748 1229 1831 1280 καὶ
1868 1226 1927 1281 τὰ

235 1303 348 1374 ὦτα,
395 1312 543 1379 πίσσῃ
602 1307 753 1382 ὑγρᾷ,
808 1311 998 1379 κεδρίᾳ,
1053 1306 1305 1379 ἀσφάλτῳ,
1358 1307 1519 1376 κόρεσι
1558 1310 1922 1377 τεθλασμέναις,

170 1412 211 1445 15
237 1393 540 1462 σφονδυλίω,
580 1389 868 1462 πευκεδάνῳ
907 1390 990 1441 καὶ
1029 1394 1180 1441 πᾶσιν
1217 1387 1316 1456 ἤδη
1340 1395 1441 1452 τοῖς
1471 1388 1771 1458 βαρυόσμοις
1801 1387 1927 1442 εἶναι

234 1472 587 1539 νομιζομένοις,
629 1467 696 1534 ὡς
735 1477 819 1539 τῆς
857 1469 1058 1537 ὑστέρας
1096 1467 1194 1523 ἀπὸ
1225 1475 1324 1522 τῶν
1355 1472 1597 1523 δυσωδῶν
1627 1470 1924 1540 φευγούσης.

234 1554 382 1604 ἔνθεν
439 1574 521 1604 και
574 1551 803 1605 κάτωθεν
857 1554 1196 1620 ἐπεθυμίασαν
1251 1550 1308 1604 τὰ
1364 1549 1524 1619 ευώδη
1580 1554 1662 1604 καὶ
1714 1551 1926 1615 πεσσοὺς

234 1636 514 1703 παρέλαβον
555 1633 637 1686 δια
677 1633 869 1702 νάρδου
910 1632 1116 1701 στάχυος
1154 1634 1237 1686 καὶ
1279 1631 1534 1702 στύρακος,
1585 1631 1708 1701 πρὸς
1746 1631 1798 1686 τὸ
1838 1657 1927 1702 την

236 1716 422 1785 μήτραν
476 1741 508 1769 α
559 1717 648 1784 μὲν
699 1733 987 1785 φευγουσαν
1033 1738 1065 1766 α
1112 1715 1167 1766 δὲ
1216 1713 1495 1768 διώκουσαν
1541 1715 1594 1767 ἐκ
1638 1719 1736 1766 τῶν
1781 1735 1929 1780 υπερ-

169 1819 212 1851 20
235 1800 473 1867 κειμένων
511 1797 675 1851 τόπων
715 1801 783 1860 εἰς
820 1794 935 1859 τοὺς
972 1793 1327 1863 υποκειμένους
1365 1800 1667 1862 μεταστῆναι.
1742 1797 1929 1858 ἔξωθεν

235 1880 288 1932 δὲ
326 1878 510 1933 τούτων
541 1877 931 1946 Ἱπποκράτης
978 1874 1062 1938 τὰς
1101 1875 1190 1943 μὲν
1230 1875 1523 1943 ἆφεψήματι
1560 1874 1783 1944 κράμβης
1815 1875 1926 1930 ἐπό-

232 1978 329 2013 τισε
373 1958 459 2023 τὰς
505 1960 559 2012 δὲ
597 1958 740 2031 ὀνείῳ
786 1958 1007 2029 γάλακτι,
1048 1958 1130 2010 καὶ
1171 1955 1237 2020 ὡς
1277 1960 1517 2020 εἰλεωδῶς
1557 1959 1927 2026 στροφουμένης

233 2047 318 2108 τῆς
350 2039 530 2108 μήτρας
562 2039 794 2095 αὐλίσκον
826 2040 989 2102 ἐνθεὶς
1018 2043 1332 2108 χαλκευτικῆς
1361 2036 1526 2106 φύσης
1550 2040 1618 2100 εἰς
1640 2036 1728 2092 τὸν
1753 2061 1927 2107 γυναι-

234 2233 302 2289 τρ.
316 2231 442 2287 μερ.,
472 2230 495 2260 0
528 2217 660 2272 (corr.
694 2215 764 2271 Ε).
911 2219 936 2258 2
971 2213 1051 2258 καὶ
1085 2215 1211 2285 (anbe
1245 2214 1367 2271 μαλ.)
1401 2226 1490 2258 om.
1524 2225 1562 2257 ο.
1699 2217 1728 2256 4
1759 2211 1838 2256 καὶ
1871 2210 1924 2257 τὸ

235 2272 332 2319 απὸ
366 2271 442 2319 δι’
480 2271 567 2320 ἐλλ.
603 2288 626 2317 c
660 2276 791 2345 (corr.
819 2274 887 2330 E).
1041 2277 1067 2316 5
1100 2269 1371 2347 ἀποδημίας
1401 2286 1425 2316 c
1459 2273 1591 2328 (corr.
1624 2270 1696 2327 D).
1851 2267 1927 2316 ἐπὶ

235 2334 297 2377 D.
331 2330 425 2378 άπὸ
459 2348 495 2378 c.
619 2329 866 2378 6ὑδάτων
899 2346 935 2377 c.
1059 2337 1084 2376 9
1119 2329 1168 2376 οἷ
1195 2335 1421 2376 πλεῖστοι;
1455 2329 1512 2376 ef.
1545 2343 1600 2375 ex
1625 2331 1718 2375 alio
1743 2335 1928 2375 auctore

237 2408 310 2450 ap.
345 2393 470 2437 Orib.
504 2393 585 2437 lat.
619 2392 697 2447 VI,
725 2398 823 2437 360.
972 2389 1016 2435 εἰ
1044 2391 1081 2434 Ε
1115 2385 1162 2448 (ἢ
1196 2390 1277 2448 D):
1312 2407 1356 2434 οι
1388 2404 1426 2435 c.
1551 2394 1605 2434 10
1637 2390 1741 2434 δεῖν
1771 2389 1828 2434 E:
1866 2387 1924 2445 δὴ

237 2467 276 2496 c.
402 2457 454 2495 12
488 2454 655 2509 τεθυμ.
682 2449 790 2507 ἐρίω
824 2449 1101 2507 κεκαυμένω
1136 2453 1330 2520 φαλλοις
1361 2445 1641 2519 (γναφάλοις
1666 2449 1723 2504 D)
1757 2464 1927 2493 κεκαυ-

238 2510 397 2567 μένοις
438 2525 474 2554 e.
656 2511 767 2568 post
799 2526 895 2555 κεκ.
931 2509 997 2554 sic
1018 2523 1076 2585 ‘':c
1131 2510 1271 2565 πίσση
1304 2504 1427 2564 υγρόι
1460 2508 1627 2563 κεδρία
1659 2508 1926 2563 σφονδυλίω

237 2567 517 2614 πευκεδάνω
558 2569 779 2640 δέρματι
793 2567 842 2614 τὲ
886 2569 968 2613 καὶ
1007 2565 1171 2625 ράκεσι
1196 2568 1439 2640 καστορίω
1479 2562 1785 2637 διαχρήοντες
1818 2566 1923 2623 (sic)

238 2625 321 2680 τὰς
360 2625 494 2686 ρίνας
534 2627 612 2672 καὶ
645 2646 702 2672 τα
743 2645 840 2672 ωτα
871 2628 1010 2683 πίσση
1042 2628 1207 2683 κεδρία
1239 2622 1462 2682 άσφάλτω
1495 2622 1654 2698 κόρεσι
1685 2628 1813 2670 vem..
1846 2624 1928 2670 καὶ

237 2688 418 2732 πᾶσιν.
642 2692 694 2731 16
736 2688 1003 2744 νομίζουσιν
1036 2700 1059 2730 e
1092 2687 1226 2742 (corr.
1257 2685 1331 2740 D).
1489 2689 1542 2728 17
1576 2680 1927 2741 ἐπεθυμίασανε

241 2744 528 2803 ἐπιθέμασιν
556 2742 833 2817 ἐθυμίασαν
865 2760 903 2790 c.
1051 2749 1105 2789 18
1138 2744 1218 2788 καὶ
1252 2745 1352 2800 (στ.)
1385 2743 1489 2790 add.
1521 2743 1573 2788 E.
1711 2748 1765 2787 22
1800 2758 1927 2798 στρε-
1976 2773 1978 2775 -

242 2805 486 2862 φουμένας
515 2821 601 2855 τας
632 2803 809 2861 μήτρας
841 2819 865 2848 c
890 2805 1021 2860 (corr.
1055 2803 1127 2859 D).
1260 2807 1316 2847 23
1349 2805 1600 2847 καυλίσκον
1633 2817 1657 2848 ο
1689 2804 1821 2859 (corr.
1853 2802 1925 2859 E).

241 2866 354 2910 haec
387 2865 584 2910 fortasse
617 2864 792 2910 Dioclis
827 2862 903 2921 (cf.
936 2862 1000 2919 11,
1026 2867 1095 2918 31,
1122 2864 1209 2919 85).
