2014 3162
729 139 793 147 .-.
876 109 946 163 75
1015 77 1088 148 ’,-

177 253 293 295 sunt
330 244 451 293 haec
490 246 720 293 universa
758 245 900 309 signa
938 246 1218 310 stricturae,
1259 246 1345 294 sed
1393 253 1441 295 et
1472 248 1523 296 in
1555 248 1747 297 fervore

65 321 224 385 posito
276 317 401 367 collo
440 319 659 367 matricis
699 324 784 367 aut
821 317 1054 367 duritiam
1091 317 1303 367 habente
1342 320 1462 368 haec
1502 322 1640 384 signa
1677 323 1749 370 in-

66 393 225 442 veniri
263 391 436 441 solent.
500 399 550 441 et
587 391 698 440 ideo
739 393 810 440 sic
849 398 899 440 et
938 391 1027 440 has
1066 407 1314 457 curamuS,
1363 394 1510 442 sicuti
1549 402 1598 442 et
1642 394 1749 443 illas

68 465 359 515 valitudines
397 472 533 515 retro
574 467 868 514 curavimus
1772 477 1794 508 4

604 681 734 735 XVI
786 681 863 735 De
902 680 1216 736 sterilitate.
1774 695 1894 737 <aee-e

176 784 310 856 (51.)
366 787 610 838 Sterilitas
665 802 926 836 commune
980 788 1154 836 vitium
1202 795 1278 837 est
1325 795 1374 837 et
1419 789 1650 838 masculis
1702 798 1752 840 et
1795 740 1888 780 sor.)

65 862 283 928 feminiS,
335 870 384 911 et
430 861 490 910 de
544 860 774 926 plurimis
821 862 982 909 causis
1031 863 1229 909 evenire
1277 860 1422 927 solet,
1477 869 1532 911 ut
1579 871 1663 912 aut
1700 865 1751 912 in

66 943 225 986 totum
263 935 498 985 mulieres
546 949 644 983 non
685 935 978 999 concipiant,
1018 943 1102 983 aut
1142 949 1255 983 cum
1295 937 1615 1000 conceperint
1653 952 1751 985 non

65 1011 325 1076 retineant,
363 1014 448 1058 aut
487 1023 586 1056 non
626 1009 846 1056 nutriant
888 1022 981 1056 nec
1017 1007 1076 1056 ad
1108 1007 1381 1072 legitimum
1414 1015 1611 1073 tempus
1642 1025 1752 1074 per·

58 1083 195 1132 'ferre
248 1084 442 1148 possint
490 1089 547 1131 ut
599 1083 848 1145 integrum
895 1081 1133 1130 infantem
1179 1083 1386 1146 pariant.
1463 1082 1584 1132 haec
1634 1098 1751 1148 ergo
1777 1094 1819 1125 10

67 1155 299 1206 sterilitas
354 1156 567 1205 efficitur
619 1170 732 1204 cum
780 1162 865 1204 aut
903 1154 1151 1204 masculus
1199 1162 1283 1204 aut
1321 1155 1501 1204 femina
1540 1157 1752 1221 aliquam

65 1229 382 1279 valitudinem
422 1230 646 1294 corporis
684 1227 896 1278 habeant
927 1228 1186 1292 aliquando
1220 1230 1452 1295 universi,
1492 1229 1752 1294 aliquando

65 1305 282 1369 partium
318 1302 514 1353 illarum
553 1304 815 1367 conceptui
854 1303 1259 1351 necessariarum.
1313 1318 1404 1366 per
1442 1305 1602 1353 virum
1636 1319 1752 1368 ergo

68 1385 338 1443 conceptus
376 1376 652 1441 inpeditur,
691 1390 805 1425 cum
845 1390 989 1424 omne
1029 1390 1211 1440 corpus
1251 1375 1463 1426 habeant
1500 1378 1551 1425 in
1592 1392 1753 1443 causa,

66 1451 382 1515 praecedenti
416 1450 605 1499 scilicet
635 1449 795 1514 aliqua
824 1448 1089 1498 valitudine
1115 1448 1333 1516 chronia,
1363 1457 1420 1498 ut
1443 1450 1557 1499 inde
1582 1465 1752 1500 semen
1778 1460 1819 1493 15

67 1525 225 1588 ipsius
280 1530 430 1574 tenue
478 1526 542 1573 sit
587 1533 637 1572 et
675 1529 910 1587 aquatum
948 1529 1033 1571 aut
1071 1522 1207 1571 valde
1247 1522 1479 1587 frigidum
1519 1533 1603 1572 aut
1642 1523 1752 1588 plus

69 1611 95 1646 a
134 1599 264 1647 iusto
315 1597 527 1647 calidum
578 1604 627 1645 et
665 1603 972 1661 corruptum,
1019 1604 1104 1645 aut
1142 1596 1336 1645 luxuria
1376 1611 1464 1646 sua
1503 1597 1754 1661 frequenti

69 1685 165 1720 usu
204 1672 403 1720 venerio
437 1676 699 1719 enervatus
739 1671 802 1719 sit
841 1677 891 1719 et
929 1671 1035 1718 sine
1069 1668 1270 1718 viribuS.
1332 1670 1556 1735 partibus
1589 1678 1754 1720 autem

58 1745 142 1792 ‘vir
180 1743 393 1809 inpediri
432 1743 570 1809 solet,
611 1744 839 1808 quotiens
878 1742 1203 1808 hypospadias
1243 1751 1320 1792 est
1359 1743 1435 1792 vel
1473 1751 1753 1809 paratretus

70 1817 163 1866 hoc
203 1824 279 1866 est
316 1819 368 1867 in
406 1816 560 1867 latere
591 1816 754 1866 balani
785 1831 1043 1866 cavernam
1075 1815 1260 1865 habens
1292 1832 1382 1881 per
1407 1833 1553 1882 quam
1586 1833 1754 1867 semen
1778 1828 1820 1860 20

69 1893 271 1941 emittat.
362 1890 490 1956 apud
549 1890 782 1940 mulieres
844 1897 1008 1940 autem
1064 1889 1309 1939 simillima
1359 1891 1632 1940 sterilitatis
1681 1893 1752 1940 in·

0 1986 1 1991 ¹
69 1966 335 2014 veniuntur
373 1966 502 2014 vitia.
565 1971 650 2013 aut
689 1965 820 2013 enim
858 1970 908 2013 et
945 1965 1080 2029 ipsae
1120 1979 1264 2013 omne
1305 1980 1486 2030 corpus
1525 1966 1578 2013 in
1609 1979 1755 2014 causa

190 2127 214 2165 1
248 2121 327 2166 sed
351 2122 440 2181 hec
465 2120 678 2165 universa
701 2120 836 2177 signa
857 2119 1056 2165 inveniri
1078 2120 1199 2165 solet
1222 2121 1305 2176 (sic
1327 2122 1437 2166 med.
1470 2123 1571 2174 om.)
1598 2122 1626 2165 l.
1728 2127 1755 2165 3

72 2179 138 2225 sic
168 2182 216 2225 et
244 2181 330 2225 has
359 2181 409 2224 h:
443 2193 491 2224 se
523 2179 572 2223 in
602 2179 723 2223 hanc
754 2180 782 2225 l.
911 2184 940 2223 4
970 2178 1254 2223 valitudines
1285 2183 1409 2224 retro
1435 2179 1697 2224 curabimus
1727 2181 1758 2224 h

71 2240 163 2295 (sed
180 2240 230 2284 ἠῢ
245 2244 349 2284 ante
365 2241 489 2284 retro
506 2239 613 2283 add.
625 2239 749 2294 que),
775 2237 1045 2282 valitudinis
1060 2240 1187 2282 retro
1203 2238 1436 2295 §diximus
1454 2239 1713 2283 curationes
1727 2240 1755 2283 l.

133 2302 159 2342 5
190 2298 399 2343 matricis
425 2298 532 2343 add.
557 2298 584 2343 l.
678 2302 705 2341 6
732 2296 796 2341 St.
821 2297 1030 2341 matricis
1057 2298 1164 2342 add.
1189 2299 1218 2342 l.
1310 2301 1336 2341 8
1363 2296 1758 2342 cum—nutriant

73 2369 156 2402 om.
174 2357 204 2403 l.
297 2362 350 2401 12
376 2355 627 2412 aliquando
643 2355 849 2400 universi
863 2371 908 2413 p.
926 2355 958 2400 i.
976 2370 1014 2399 c.
1032 2355 1343 2400 necessarium
1359 2357 1388 2412 l,
1415 2355 1649 2413 aliquanti
1664 2371 1709 2414 p.
1727 2356 1756 2401 i.

74 2428 113 2460 c.
135 2416 178 2461 h.
283 2420 342 2459 14
369 2415 542 2460 habeat
569 2415 619 2459 in
651 2428 863 2471 conprec.
896 2416 925 2470 l,
957 2415 1134 2458 habent
1162 2414 1210 2459 in
1243 2429 1382 2460 causa
1411 2429 1534 2472 prec.
1567 2417 1608 2459 h.
1702 2419 1756 2459 15

74 2475 148 2518 ut:
181 2476 229 2519 et
260 2475 326 2519 lh.
451 2480 504 2520 16
538 2474 617 2518 sit:
650 2475 721 2519 est
752 2475 819 2518 lh.
938 2474 1044 2530 plus
1076 2487 1104 2517 a
1136 2475 1171 2518 l:
1203 2488 1287 2519 om.
1321 2476 1421 2532 (aut
1450 2474 1594 2530 iusto)
1625 2476 1668 2520 h.

79 2537 133 2578 17
166 2533 368 2578 calidum
397 2534 446 2577 h:
491 2533 688 2578 uilidum
719 2534 820 2589 (sio)
853 2534 882 2577 l.
1024 2532 1311 2588 frequentius
1340 2532 1529 2578 venerio
1559 2532 1756 2578 inebria·

75 2593 151 2636 tus
182 2593 211 2636 l.
335 2595 389 2636 18
422 2591 710 2637 enerviatum
742 2593 843 2649 (sic)
875 2593 917 2636 h.
1042 2595 1096 2634 19
1127 2592 1408 2649 ypospadias
1441 2594 1469 2648 l,
1500 2591 1758 2649 ypospodia

81 2649 123 2694 h.
272 2656 329 2695 20
360 2650 411 2694 in
441 2651 586 2696 latere
615 2650 778 2695 balani
808 2663 1055 2695 cavernam
1085 2650 1232 2695 habet
1260 2651 1311 2707 h,
1358 2650 1408 2695 in
1439 2652 1609 2695 lateres
1639 2650 1758 2694 veha

77 2707 253 2754 habens
285 2711 312 2753 l.
433 2724 517 2766 per
547 2722 687 2766 quam
720 2711 755 2754 l:
789 2723 879 2766 que
910 2710 951 2755 h.
1083 2714 1138 2752 21
1172 2710 1296 2767 apud
1315 2709 1505 2754 —vitia
1535 2711 1584 2754 h:
1617 2708 1759 2753 simil-

82 2765 198 2811 lima
228 2770 386 2813 autem
418 2767 690 2813 sterelitatis
720 2767 1032 2813 inveniuntur.
1065 2769 1166 2824 (aut
1197 2768 1321 2813 enim
1348 2770 1445 2824 etc.)
1471 2770 1500 2812 l.
1622 2772 1676 2812 22
1710 2768 1759 2810 et

81 2837 165 2871 om.
196 2827 224 2871 l.
346 2841 482 2872 omne
514 2841 597 2874 om.
629 2828 671 2873 h.
792 2826 842 2871 in
874 2840 1014 2872 causa
1043 2828 1094 2872 h:
1126 2840 1297 2871 uneum
1329 2828 1430 2884 (sic)
1462 2828 1490 2872 l.
