2014 3162
850 167 1240 204 -XVI—

195 299 288 329 non
303 281 731 339 habuitAvicenna)
748 281 912 326 Aetius
923 282 997 338 (ex
1007 281 1281 325 Philumeno
1300 285 1367 333 16,
1379 282 1455 335 23)
1467 280 1526 324 ad
1541 279 1704 324 Sorani
1715 279 1882 324 doctri-

192 357 302 387 nam
326 355 471 398 aeque
491 341 698 396 redeunt,
730 340 910 385 Latinis
935 339 1124 395 quidem
1147 339 1367 383 Eucharii
1392 341 1548 383 aetate
1573 339 1725 383 adhuc
1750 338 1875 383 inco-

195 402 325 458 gniti.
353 401 409 445 de
435 400 746 445 schematibus
764 399 984 443 nascendi
995 398 1070 455 (cf.
1083 398 1244 442 Aetius
1259 397 1552 454 16‚22.Pau1.
1565 400 1692 452 3,76)
1711 412 1874 454 pauca,

194 462 304 517 quia
333 474 483 517 pauca
514 460 684 503 Paulus
716 459 791 516 (cf.
823 473 866 502 v.
899 457 1089 502 Siebold
1119 457 1152 512 Ι,
1180 459 1297 513 236),
1335 456 1478 500 habet
1511 457 1759 511 Avicenna‚
1794 458 1875 501 sed

194 533 313 575 quae
344 519 438 563 suis
470 518 729 562 admisceat
758 516 1026 570 Eucharius‚
1059 516 1189 560 velut
1223 516 1283 560 ad
1306 517 1491 572 partum
1515 515 1580 558 III
1607 517 1718 559 extr.
1745 515 1876 560 Avic.

194 579 272 632 ΙΙΙ,
306 583 376 631 21,
423 583 464 633 2,
511 582 582 621 25.
651 576 786 633 plura
830 576 1023 632 praebet
1084 575 1328 620 Albucasis
1378 573 1517 631 (chir.
1551 573 1606 628 ΙΙ,
1641 577 1729 631 75),
1787 588 1877 629 quo

193 651 287 682 non
330 637 411 680 ille
457 637 616 680 utitur.
678 635 818 680 sellae
865 635 1007 679 etiam
1055 633 1365 679 obstetricalis
1399 632 1682 677 mentionem
1715 633 1879 677 addita

227 696 376 740 ictura
407 695 521 739 fecit
553 693 821 739 Eucherius,
874 695 1035 749 partus
1069 694 1225 737 autem
1252 693 1329 750 fig.
1354 690 1607 735 Muscionis
1640 705 1758 747 quae
1790 705 1873 748 pro

194 712 279 798 {V
312 755 403 809 (vel
434 753 555 808 XVI,
589 755 644 798 cf.
678 753 740 797 ad
770 753 829 796 M.
863 752 919 808 11,
956 757 1023 807 18,
1063 754 1137 804 20)
1169 766 1290 796 nunc
1323 752 1483 794 extant
1513 749 1621 794 XIV
1654 750 1875 796 Eucharii

194 815 352 871 figuris
384 813 497 858 item
527 812 635 856 XIV
667 812 761 868 (vel
791 811 830 855 si
861 811 1007 855 mavis
1041 811 1166 867 XVI)
1200 811 1265 855 sic
1296 810 1391 855 fere
1423 809 1724 866 respondent:

285 903 346 947 M.
400 907 437 945 1.
487 907 527 945 2.
568 906 607 945 3.
650 906 690 944 4.
741 906 766 944 5
800 903 877 956 (6).
926 906 965 944 8.
1015 905 1054 944 9.
1101 905 1168 944 10.
1218 897 1311 943 ΙΟῙ).
1364 903 1431 943 11.
1476 903 1542 941 12.
1587 902 1653 941 13.
1698 902 1765 940 14.
1821 901 1887 942 15.

199 984 254 1000 ε
289 963 343 1005 R.
401 967 436 1005 1.
486 965 525 1004 2.
567 966 607 1005 5.
654 964 695 1003 8.
818 964 858 1003 9.
921 963 961 1002 4.
1003 964 1042 1004 3.
1122 964 1161 1003 6.
1239 963 1306 1003 11.
1387 963 1428 1001 7.
1479 962 1546 1015 19.
1591 962 1658 1001 11.
1702 961 1767 1000 12.
1821 961 1888 1000 13.

202 1051 387 1094 schema
411 1047 662 1092 Muscionis
688 1047 812 1102 quod
838 1047 899 1091 sit
933 1046 1120 1103 septimi
1143 1049 1191 1103 (a
1224 1046 1277 1092 R.
1311 1046 1424 1091 item
1459 1046 1698 1100 omissum)
1726 1058 1890 1089 revera

199 1109 329 1153 deest
356 1107 466 1163 quia
489 1121 573 1163 pro
598 1120 652 1150 eo
677 1106 864 1162 ponitur
891 1106 1015 1162 quod
1039 1105 1161 1150 infra
1184 1106 1307 1150 redit
1335 1110 1402 1149 12.
1430 1107 1634 1150 ceterum
1662 1104 1889 1148 famosam

197 1167 328 1211 illam
348 1167 470 1211 inter
487 1165 690 1209 medicos
710 1165 782 1220 (cf.
794 1165 968 1209 Haeser
984 1164 1026 1208 13
1037 1166 1140 1220 321)
1158 1165 1205 1208 in
1222 1178 1390 1221 graeco
1409 1163 1599 1209 Gesneri
1613 1162 1885 1208 Moschione

198 1226 320 1270 uteri
343 1226 540 1283 figuram
563 1223 756 1268 Gesneri
780 1237 879 1268 esse
903 1223 980 1268 vel
995 1223 1167 1278 Wolfii,
1186 1237 1278 1268 non
1297 1223 1510 1268 codicum
1528 1222 1757 1279 (quamvis
1783 1220 1887 1265 rudi

201 1284 360 1340 aliqua
403 1284 553 1340 figura
593 1282 850 1339 descriptus
882 1284 1038 1327 uterus
1076 1283 1306 1326 habeatur
1343 1281 1393 1325 in
1435 1296 1526 1326 uno
1574 1282 1720 1325 latino
1771 1281 1884 1324 Bru-

201 1343 419 1399 xellensi,
460 1341 724 1386 Hafniensis
756 1342 879 1385 enim
912 1341 1115 1398 spatium
1146 1342 1330 1385 tantum
1361 1354 1560 1386 vacuum
1593 1341 1759 1396 offert),
1801 1340 1889 1384 hoc

202 1404 256 1446 ut
286 1401 511 1458 expressis
542 1399 699 1444 verbis
732 1399 914 1444 dicatur
944 1400 1113 1443 mirum
1144 1402 1216 1443 est
1243 1400 1367 1456 quod
1390 1413 1512 1444 nunc
1537 1399 1680 1444 etiam
1703 1412 1889 1442 necesse

201 1460 273 1505 sit.
337 1461 428 1504 ista
470 1459 627 1503 autem
659 1459 898 1502 schemata
929 1472 1011 1515 per
1041 1458 1191 1502 multa
1231 1458 1418 1503 saecula
1451 1458 1692 1514 variasque
1727 1471 1890 1501 manus

200 1523 254 1563 ut
291 1519 467 1563 tradita
510 1518 578 1562 ita
624 1519 841 1573 corrupta
881 1517 939 1561 ab
977 1517 1080 1573 ipso
1123 1517 1287 1561 Sorani
1324 1516 1540 1561 instituto
1589 1516 1891 1572 omniumque

200 1577 530 1635 gynaeciorum
583 1575 711 1619 fonte
755 1575 1002 1632 principali
1055 1576 1308 1631 repetenda
1361 1577 1489 1632 sunt,
1543 1588 1662 1631 quae
1716 1575 1793 1619 vel
1845 1574 1895 1619 in

207 1635 460 1693 exemplari
507 1634 630 1691 quod
663 1633 834 1678 codicis
873 1634 1142 1678 Parisiensis
1175 1635 1372 1691 scriptor
1401 1633 1583 1690 legerat
1621 1633 1892 1689 diligentius

205 1695 330 1740 edito
378 1694 652 1739 extitissent.
715 1693 814 1748 ipse
854 1693 975 1736 enim
1013 1693 1285 1738 Parisiensis
1328 1693 1436 1736 alba
1467 1692 1605 1736 modo
1639 1691 1792 1748 spatia
1822 1705 1892 1735 re-

207 1754 360 1810 liquit,
391 1753 440 1796 in
470 1752 622 1796 indice
653 1751 896 1795 titulorum
920 1752 1074 1796 medio
1099 1752 1215 1796 haec
1240 1752 1494 1796 confessus:
1531 1748 1748 1795 ἐνταῦθα
1765 1746 1888 1794 ἐστὶν

208 1810 314 1863 ἑνὸς
350 1809 546 1856 ἑκάστου
580 1808 812 1867 σχήματος
842 1806 898 1854 τὰ
935 1808 986 1854 ἐν
1016 1811 1072 1867 τῇ
1099 1807 1248 1871 μήτρᾳ
1272 1811 1354 1867 τῆς
1378 1807 1671 1861 διαπλάσεως
1687 1810 1780 1853 τῶν
1812 1805 1891 1864 ἐμ-

209 1868 364 1931 βρύων
412 1870 493 1914 καὶ
532 1871 631 1920 πῶς
670 1865 850 1924 ὀφείλει
892 1865 1134 1928 ἐκβάλλειν
1175 1868 1372 1914 ἕκαστον
1411 1865 1439 1925 ἡ
1481 1873 1614 1926 μαῖα,
1655 1865 1771 1925 μετὰ
1811 1869 1894 1923 τῆς

211 1927 459 1987 ἑρμηνείας
490 1929 573 1973 τοῦ
607 1926 887 1986 γράμματος,
921 1924 1177 1986 ἐάσαιμεν
1209 1927 1263 1972 δὲ
1297 1924 1390 1972 διὰ
1416 1924 1475 1972 τὸ
1509 1928 1792 1972 ποικίλον.
1928 1950 1932 1953 ·

329 1991 400 2044 17)
455 1987 505 2030 in
550 1987 649 2031 cod.
704 1986 848 2031 Paris,
905 1991 1019 2031 2153
1069 1988 1139 2031 ch.
1187 2003 1220 2031 s.
1268 1987 1424 2031 XV-f.
1467 1990 1700 2030 218—289
1750 1985 1893 2042 (foliis

210 2061 405 2103 quorum
437 2053 462 2090 5
495 2045 665 2089 ultima
696 2045 803 2089 alba
835 2046 954 2102 sunt,
989 2051 1042 2091 72
1075 2060 1260 2091 versum
1292 2048 1364 2103 39)
1404 2046 1603 2090 habetur
1635 2045 1779 2091 codex
1813 2044 1895 2089 So-

207 2119 374 2150 raneus
415 2119 443 2149 a
481 2103 676 2160 reliquis
710 2117 828 2159 quae
859 2105 1024 2160 grandi
1054 2105 1143 2149 hoc
1173 2105 1409 2150 volumine
1441 2118 1562 2148 nunc
1594 2104 1894 2160 comprehen-

212 2165 383 2208 duntur
416 2163 529 2208 olim
561 2165 800 2219 separatus
832 2166 880 2207 et
910 2163 1133 2208 diversus.
1170 2163 1439 2208 inscribitur
1465 2163 1615 2220 primo
1638 2162 1752 2207 folio
1777 2161 1895 2206 nihil

205 2223 295 2268 nisi
352 2222 537 2266 rubrica
583 2223 699 2265 haec
731 2225 760 2275 †
791 2222 930 2275 πίναξ
971 2223 1064 2267 τῶν
1095 2225 1352 2279 Ιγυνοιικίων
1383 2222 1558 2266 παθῶν
1589 2221 1669 2266 καὶ
1708 2219 1775 2272 εἰς
1813 2217 1895 2265 πό·

209 2326 317 2361 σους
355 2291 527 2366 τμητὲιῖ
562 2307 727 2365 λόγους
757 2306 842 2366 τὴν
873 2310 988 2367 τῶνΙ
1012 2312 1268 2366 γυναικίων
1284 2306 1897 2365 παράδωσινεωρταθοθᾱὴ

212 2369 391 2414 scilicet
421 2368 903 2424 indexcapitulorum
935 2382 991 2412 ex
1024 2370 1196 2413 Sorano
1231 2371 1279 2413 et
1302 2368 1440 2412 Aetio
1474 2368 1777 2412 collectorum
1811 2382 1895 2410 nu-

212 2440 339 2471 mero
373 2427 480 2482 ρξζ,
515 2428 671 2470 textus
703 2428 859 2470 autem
891 2427 970 2483 qui
1000 2427 1271 2483 imperfecte
1304 2427 1502 2483 scriptus
1528 2425 1698 2470 desinit
1720 2426 1770 2469 in
1792 2426 1894 2481 ipso

212 2485 348 2530 initio
389 2499 426 2529 c.
460 2501 583 2540 ρκς,
631 2484 727 2529 sine
769 2485 953 2530 nomine
994 2486 1193 2531 auctoris
1224 2486 1389 2542 incipit
1419 2486 1451 2529 f.
1484 2489 1571 2529 220
1604 2483 1689 2534 Εἰς
1719 2482 1895 2534 πόσους

216 2545 303 2590 etc.
339 2558 476 2601 supra
506 2547 663 2587 tamen
694 2544 743 2587 in
773 2543 980 2600 margine
1012 2544 1212 2601 paginae
1243 2544 1348 2588 rudi
1378 2558 1519 2588 manu
1549 2543 1803 2600 pinguique
1827 2542 1898 2586 bi-

213 2603 507 2648 bliothecarii
547 2603 785 2646 cuiusdam
828 2603 904 2646 vel
943 2604 1237 2659 possessoris,
1280 2617 1398 2660 quae
1433 2601 1605 2647 notulis
1635 2600 1895 2647 identidem

213 2661 460 2718 adscriptis
494 2661 637 2705 currit
667 2675 751 2718 per
781 2660 1001 2717 codicem,
1035 2662 1208 2719 legitur

779 2732 986 2791 σωρανός
1013 2732 1075 2792 'fS
1117 2735 1352 2793 (=s’cttv).

218 2810 266 2852 et
313 2808 474 2853 Sorani
519 2821 688 2852 nomen
741 2811 978 2865 comparet
1017 2810 1158 2854 etiam
1211 2811 1364 2855 medio
1417 2810 1468 2854 in
1514 2808 1665 2853 indice
1711 2819 1897 2864 praece-

217 2867 368 2924 dente,
423 2866 503 2910 ubi
558 2866 617 2910 ad
661 2867 804 2912 verba
851 2868 936 2913 sub
973 2884 1098 2914 num.
1161 2886 1216 2927 με
1264 2869 1500 2926 adscripta
1530 2868 1596 2928 ,de
1643 2866 1823 2911 omissis
1870 2879 1900 2909 a
