2014 3162
721 115 1104 167 —203—

71 247 409 304 κατατάσσιται
448 247 557 301 οῦτε
595 254 681 316 τῆς
713 246 1069 316 ἐπιβάλλουσης
1099 248 1325 318 τυγχάνει
1348 251 1563 317 πέψεως,
1603 249 1757 314 οὕτως

73 330 190 386 οὐδὲ
228 329 281 384 τὸ
323 331 511 398 σπέρμα
551 329 756 383 δύναται
793 327 1155 397 ἆναληφθῆναί
1188 351 1235 383 τε
1272 332 1353 383 καὶ
1375 331 1622 398 κρατηθὲν
1644 354 1756 385 κυο-

72 417 368 480 φορηθῆναι
414 414 525 479 δίχα
578 418 665 464 τοῦ
718 417 946 479 παρεῖναι
997 408 1120 479 πρὸς
1173 414 1442 463 συνουσίαν
1482 409 1639 479 ὁρμὴν
1677 413 1758 464 καὶ

74 492 246 561 ὄρεξιν.
335 493 418 544 καὶ
462 490 555 561 γὰρ
604 495 654 545 εἴ
690 514 815 555 τινες
860 496 1140 560 βιασθεῖσαι
1188 492 1483 560 συνέλαβον,
1538 493 1633 544 ἔστι
1678 494 1759 544 καὶ

72 575 152 627 ἐπὶ
196 572 381 626 τούτων
427 577 582 626 εἰπεῖν
629 573 702 627 ὅτι
746 574 799 628 τὸ
839 575 927 642 μὲν
980 579 1065 641 τῆς
1120 570 1323 641 ὀρέξεως
1360 571 1554 636 πάντως
1592 571 1759 636 πάθος
1782 594 1802 628 5

66 655 150 707 καὶ
202 653 398 716 ταύταις
445 660 634 722 παρῆν,
688 657 986 708 ἐπεσκοτεΐτο
1035 654 1089 707 δὲ
1134 652 1231 707 ὑπὸ
1277 660 1496 722 ψυχικῆς
1540 657 1760 721 κρίσεως,

69 733 131 790 ὃν
184 733 365 803 τρόπον
418 737 500 787 καὶ
545 743 650 798 ταῖς
695 734 1000 797 πενθούσαις
1046 734 1077 803 ἡ
1127 736 1216 803 μὲν
1260 733 1384 802 πρὸς
1430 733 1520 802 τὴν
1570 735 1762 803 τροφὴν

69 816 226 885 ὄρεξις
273 815 504 878 πολλάκις
551 815 766 883 ῦπεστιν,
821 817 1137 869 ἐπισκοτεῖται
1183 815 1237 868 δὲ
1285 813 1384 868 ὑπὸ
1423 821 1507 883 τῆς
1548 814 1630 868 διὰ
1672 815 1762 884 τὴν

69 894 334 964 συμφορὰν
371 895 543 964 λύπης.
619 895 823 965 ὕστερον
861 903 984 966 γοῦν
1023 895 1381 967 ἀναγκάζονται
1413 895 1761 965 παρωσάμεναι

67 976 160 1045 τὴν
196 981 357 1045 κρίσιν
393 983 644 1045 τραφῆναι
683 976 764 1030 διὰ
803 976 889 1031 τὸν
927 977 1296 1047 ὑπερβάλλοντα
1333 978 1489 1046 λιμόν.

137 1063 139 1065 ’
186 1064 270 1113 38.
309 1057 479 1126 καιρὸς
518 1054 609 1112 οῦν
648 1059 918 1127 ἐπιτήδειος
957 1058 982 1113 ὁ
1021 1058 1144 1113 κατὰ
1174 1057 1265 1127 τὴν
1296 1058 1473 1126 ὄρεξιν,
1512 1058 1642 1127 πλὴν
1673 1061 1760 1113 τοῦ

73 1139 294 1208 σώματος
347 1139 463 1209 μήτε
519 1142 831 1209 βαρουμένου
886 1141 1002 1210 μήτε
1057 1143 1257 1204 ἐνδεοῦς
1310 1141 1464 1204 ὄντος.
1555 1140 1615 1195 οῦ
1669 1141 1762 1211 γὰρ

72 1221 165 1292 γὰρ
203 1220 378 1275 ἰκανὸν
415 1220 468 1274 τὸ
507 1220 631 1289 πρὸς
671 1226 940 1275 συνουσίαν
979 1221 1248 1291 ὁρμητικῶς
1279 1224 1420 1290 ἔχειν,
1459 1221 1548 1275 ἐὰν
1579 1221 1643 1290 μὴ
1680 1225 1762 1276 καὶ

71 1301 124 1356 τὸ
171 1302 451 1370 κατάστημα
496 1308 583 1355 τοῦ
632 1301 853 1369 σώματος
899 1305 1182 1370 ἐπιτηδείως
1228 1306 1327 1375 ἔχῃ.
1403 1303 1630 1372 καθάπερ
1669 1303 1762 1373 γὰρ

73 1387 155 1439 καὶ
199 1391 386 1454 τροφῆς
441 1383 715 1453 ὀρεγόμεθα
769 1383 1000 1447 πολλάκις
1046 1387 1100 1438 ἐν
1138 1384 1330 1456 ἀπεψία
1375 1387 1457 1437 καὶ
1505 1389 1762 1457 διαφθορᾷ

73 1472 171 1519 τῶν
217 1466 614 1533 παρακειμένων,
663 1462 829 1527 ὁπότε,
883 1468 927 1518 εἰ
969 1463 1206 1535 λάβοιμέν
1254 1488 1297 1519 τι
1335 1472 1400 1540 τῷ
1439 1472 1522 1534 τῆς
1562 1465 1763 1534 ὀρέξεως

73 1549 529 1609 ἐπακολουθοῦντες
589 1545 839 1613 κινήματι,
907 1549 991 1600 καὶ
1058 1554 1198 1601 τοῦτο
1259 1550 1762 1616 προσδιαφθείρομεν,

74 1628 228 1692 οὕτως
268 1626 385 1682 οῦδὲ
423 1634 488 1700 τῷ
521 1631 786 1690 συνουσίας
819 1627 1076 1698 ὀρέγεσθαι
1107 1627 1158 1682 τὸ
1191 1628 1422 1697 εὔκαιρον
1452 1628 1690 1696 σύνεστιν,
1722 1633 1766 1683 εἰ

75 1709 140 1778 μὴ
165 1711 248 1763 καὶ
265 1709 410 1762 τᾶλλα
436 1708 873 1778 συνεποπτεύομεν.
902 1717 1006 1773 ταῖς
1030 1710 1119 1778 μὲν
1141 1708 1234 1779 γὰρ
1257 1712 1688 1780 καταφερεστέραις
1709 1713 1763 1764 ἐν

1786 999 1827 1031 10

1787 1402 1829 1435 15

69 1793 218 1845 παντὶ
247 1797 401 1864 καιρῷ
432 1790 484 1844 τὸ
516 1790 640 1858 πρὸς
671 1795 942 1845 συνουσίαν
966 1789 1229 1860 ὁρμητικὸν
1253 1790 1595 1859 συμπάρεστιν.
1643 1793 1760 1844 ἔστω
1786 1809 1830 1841 20

71 1873 134 1940 δὴ
167 1871 284 1941 μήτε
316 1873 478 1935 ἐνδεὲς
500 1872 552 1926 τὸ
579 1879 716 1941 σῶμα
746 1875 829 1926 καὶ
856 1873 1053 1939 ἄτονον,
1092 1878 1158 1946 τῷ
1182 1870 1275 1942 γὰρ
1307 1871 1402 1943 ’ὅλῳ
1435 1873 1518 1924 καὶ
1548 1871 1604 1924 τὰ
1637 1873 1761 1940 μέρη

70 1961 359 2008 συνατονεῑν
397 1953 616 2023 εὔλογον.
678 1954 834 2018 οῦτως
866 1954 919 2006 δὲ
957 1955 1040 2006 καὶ
1076 1951 1169 2021 τὴν
1205 1951 1413 2022 ὑστέραν
1460 1951 1764 2022 ἀτονωτέραν

72 2030 229 2089 οὖσαν
253 2033 381 2098 εἰκὸς
412 2036 495 2087 καὶ
533 2037 643 2102 περὶ
681 2034 770 2104 τὴν
809 2036 1057 2104 ἐνέργειαν
1093 2033 1326 2102 τοιαύτην
1365 2037 1580 2101 ἔσεσθαι,
1617 2033 1670 2088 τὸ
1712 2035 1765 2087 δὲ

73 2121 331 2185 συλλαβεῖν
360 2113 563 2184 ὑστέρας
594 2118 751 2185 ἔργον.
791 2115 907 2184 μήτε
939 2117 1138 2179 ἐνδεοῦς
1164 2111 1256 2170 οῦν
1283 2123 1369 2170 τοῦ
1388 2114 1608 2184 σώματος
1625 2114 1765 2178 ὄντος

71 2194 104 2264 ἡ
137 2201 376 2251 συνουσία
407 2198 886 2266 παραλαμβανέσθω,
926 2196 1043 2264 μήτε
1083 2197 1136 2249 δὲ
1173 2196 1321 2250 πάλιν
1358 2198 1551 2266 βαρέος,
1591 2194 1765 2250 ὁποῖον
1788 2218 1831 2252 25

73 2279 131 2331 ἐν
169 2277 404 2346 ἆπεψίαις
443 2279 539 2331 ἐστὶ
578 2280 662 2331 καὶ
699 2279 892 2347 μέθαις.
971 2284 1166 2347 πρῶτον
1205 2279 1294 2346 μὲν
1340 2277 1414 2332 ὅτι
1451 2276 1572 2331 κατὰ
1612 2276 1765 2344 φύσιν

74 2362 383 2427 διακείμενον
427 2357 480 2413 τὸ
536 2366 675 2428 σῶμα
729 2366 826 2413 τῶν
880 2363 1022 2413 ἰδίων
1074 2358 1415 2429 ἐνεργημάτων
1468 2356 1766 2413 ἆποδοτικὸν

196 2509 217 2548 1
253 2519 390 2548 ουτεε
423 2505 505 2548 καὶ
537 2518 574 2548 c
710 2511 736 2549 6
770 2501 1028 2550 ἐπεσκότει.
1061 2502 1113 2548 τὸ
1148 2503 1201 2549 δε
1235 2518 1272 2548 c.
1395 2509 1421 2549 8
1456 2502 1766 2549 ἐπεσκοτοῦν-

74 2578 151 2606 ται
183 2577 207 2606 c
241 2559 577 2618 (ἕπισκοτεῖται
608 2563 670 2607 E2
701 2579 745 2620 p.
779 2567 869 2621 25).
1053 2569 1079 2608 9
1111 2564 1227 2633 γοῦν
1262 2563 1365 2620 (sic)
1397 2577 1442 2607 c.
1484 2556 1571 2607 οὖν
1602 2563 1645 2607 d

75 2619 610 2752 {32503525352‘5‘2123103‘3
642 2623 928 2737 8⁹3‘0d30m
953 2628 1060 2728 οέῗ
1086 2618 1228 2737 ὲῖῗὴν
1259 2624 1454 2739 ⁰13⁶22÷
1483 2622 1557 2725 {2³3
1573 2681 1635 2724 ..ἦ
1669 2695 1705 2725 0
1711 2625 1763 2665 ¹5

75 2734 328 2806 ὀρέγεσθαι
367 2739 426 2784 E:
471 2736 571 2796 ὄρει
609 2698 742 2784 ιἐῖστῼαι
774 2755 799 2785 c
831 2740 929 2797 (qui
959 2743 1067 2798 posi]
1098 2739 1231 2785 ἔσται
1261 2726 1412 2785 addit
1413 2740 1597 2811 καιρῶ,
1639 2737 1765 2794 quod

77 2798 232 2842 omisi·
266 2812 373 2842 cum
402 2799 572 2868 καιρῷ.
621 2798 822 2871 Ἁένεστιν
857 2800 1095 2857 scripserit
1117 2799 1188 2856 E).
1282 2804 1336 2843 21
1371 2795 1430 2855 δὴ
1465 2799 1566 2854 (sic)
1601 2811 1624 2840 c
1655 2801 1765 2852 (non

77 2853 163 2911 δε).
292 2861 348 2901 25
380 2844 549 2915 βαρέος
580 2836 642 2902 D:
675 2854 815 2915 άρεὸς
847 2858 949 2915 (sic)
983 2873 1020 2903 c.
1158 2857 1239 2902 καὶ
1271 2854 1437 2902 ὁποῖον
1470 2871 1494 2901 c
1526 2858 1660 2913 (corr.
1692 2855 1728 2898 E
