2014 3162
872 91 1270 166 ,4210-

229 246 305 300 ἐπ’
358 246 547 316 ὀλίγον,
594 246 851 315 ἆνιεμένου
898 245 1093 308 πάντως
1139 250 1225 297 τοῦ
1272 248 1495 308 πλείονος
1540 243 1707 314 ὑγροῦ.
1800 267 1915 314 μετα

231 330 285 381 δέ
330 351 437 381 τινα
483 327 662 398 χρόνον
709 327 803 380 κάκ
842 333 928 380 τοῦ
966 324 1055 393 τὴν
1094 326 1333 393 ἐπίμηνον
1371 324 1618 395 κάθαρσιν
1657 327 1916 395 ἐπέχεσθαι

228 408 259 477 ἢ
300 409 377 462 ἐπ’
422 408 588 477 ὀλίγον
619 413 906 476 φαίνεσθαι,
945 406 1218 475 βαρυτέραν
1249 406 1303 459 δὲ
1333 410 1591 476 γίγνεσθαι
1613 406 1703 476 τὴν
1734 407 1916 476 ὀσφύν,

227 493 310 543 καὶ
342 486 617 558 λεληθότως
649 492 937 558 ἐπαίρεσθαι
967 486 1082 550 τοὺς
1116 485 1327 555 μαστοὺς
1358 487 1474 555 μετά
1503 510 1635 551 τινος
1674 488 1915 542 ἐπιπόνου

182 594 204 627 5
229 571 617 639 συναισθήσεως,
658 568 1089 637 ὑπανατρέπεσθαι
1129 569 1182 621 δὲ
1220 566 1305 622 τὸν
1344 567 1583 637 στόμαχον
1620 570 1704 622 καὶ
1739 568 1798 622 τὰ
1837 570 1916 622 ἐπὶ

226 659 312 706 τοῦ
364 652 581 719 στήθους
634 650 804 720 ἀγγεῖα
855 647 1007 717 κυρτὰ
1058 650 1140 702 καὶ
1190 648 1333 701 πελιὰ
1383 652 1677 716 φαίνεσθαι,
1731 650 1812 702 καὶ
1856 647 1915 702 τὰ
1971 687 1974 690 »

225 732 348 785 κύλα
386 739 484 786 τῶν
523 731 801 800 ὀφθαλμῶν
839 729 1123 799 ὑπόχλωρα,
1163 729 1276 783 ποτὲ
1317 729 1371 781 δὲ
1409 730 1491 781 καὶ
1530 734 1733 793 σπίλους
1771 737 1915 798 μελα-

226 817 444 877 νίζοντας
483 815 718 880 ἐπιπολῆς
755 820 860 875 ταῖς
892 811 1068 879 ὄψεσιν
1100 811 1377 879 ἐπιτρέχειν,
1416 812 1498 862 καὶ
1527 810 1619 878 τὴν
1649 812 1915 880 λεγομένην

225 895 401 962 ἐφηλὶν
439 895 685 963 γενέσθαι.
741 891 856 960 μετὰ
897 893 950 945 δὲ
980 899 1128 945 ταῦτα
1159 891 1248 959 τήν
1279 912 1326 943 τε
1358 894 1531 944 κίσσαν
1563 893 1915 957 ἐπιφαίνεσθαι

158 998 201 1030 10
226 977 307 1026 καὶ
353 973 477 1043 πρὸς
523 972 671 1042 λόγον
717 980 802 1042 τῆς
847 980 934 1027 τοῦ
983 973 1164 1042 χρόνου
1204 977 1458 1040 προκοπῆς
1495 975 1823 1041 ’διογκοῦσθαι
1859 970 1912 1026 τὸ

222 1052 549 1125 ἐπιγάστριον,
598 1052 698 1107 εἶτα
744 1057 825 1107 καὶ
871 1053 1109 1122 κινήσεως
1162 1058 1248 1106 τοῦ
1287 1051 1408 1105 κατὰ
1447 1051 1652 1122 γαστρὸς
1689 1051 1914 1121 ἀντιλαμ-

221 1134 465 1203 βάνεσθαι
502 1133 593 1202 τὴν
630 1140 997 1203 κυοφοροῦσαν.

249 1300 372 1348 XIII
439 1300 581 1348 Τίνα
620 1293 762 1360 κατὰ
801 1293 938 1357 τοὺς
977 1293 1271 1363 ἆρχαίους
1311 1279 1525 1362 σημεῖα
1562 1300 1664 1348 τοῦ
1703 1294 1882 1365 ἄρρεν

532 1374 687 1429 εἶναι
725 1374 785 1429 τὸ
825 1374 1327 1443 κυοφορούμενον
1365 1374 1397 1443 ἢ
1437 1381 1605 1444 θῆλυ.

153 1518 195 1551 15
333 1500 418 1547 45.
490 1492 881 1562 Ἱπποκράτης
928 1499 1014 1546 τοῦ
1055 1493 1143 1560 μὲν
1182 1492 1330 1561 ἄρρεν
1367 1493 1507 1546 κύειν
1548 1495 1671 1561 φησὶ
1709 1501 1911 1562 σημεῖον
1976 1499 1981 1562 ’μ

216 1572 270 1626 τό
308 1573 348 1625 τ’
378 1572 729 1642 εὖχρουστέραν
766 1572 1004 1642 ὑπάρχειν
1043 1572 1133 1641 τὴν
1171 1572 1395 1627 κύουσαν
1425 1576 1510 1627 καὶ
1540 1572 1909 1643 εὖκινητοτέραν

219 1655 301 1705 καὶ
339 1652 391 1707 τὸ
430 1653 516 1707 τὸν
557 1654 716 1718 δεξιὸν
756 1653 908 1722 μαζὸν
949 1658 1148 1722 μείζονα
1188 1657 1313 1723 ἔχειν
1351 1657 1432 1707 καὶ
1473 1654 1789 1725 εὐογκότερον
1826 1656 1910 1708 καὶ

217 1735 539 1803 πληρέστερον
566 1737 648 1787 καὶ
680 1734 882 1803 μάλιστα
911 1734 1004 1802 τὴν
1035 1734 1204 1802 θηλὴν
1236 1737 1541 1804 ἐπαίρεσθαι,
1571 1742 1656 1789 τοῦ
1689 1736 1744 1788 δὲ
1773 1742 1908 1803 θῆλυ
1980 1807 1983 1809 Α

215 1813 268 1867 τὸ
309 1814 406 1882 μετ’
452 1814 725 1884 ὦχριάσεως
774 1814 1132 1884 ὀγκωδέστερον
1172 1814 1297 1869 εἶναι
1334 1816 1420 1871 τὸν
1459 1815 1718 1885 εὐώνυμον
1757 1816 1910 1885 μαζὸν

151 1921 194 1954 20
218 1897 300 1947 καὶ
340 1895 541 1963 μάλιστα
579 1895 669 1963 τὴν
707 1895 888 1963 θηλήν,
935 1894 1032 1948 ἀπὸ
1073 1899 1298 1962 ψευδοῦς
1336 1895 1635 1965 ὑπολήψεως
1674 1899 1752 1950 ἐπὶ
1790 1894 1910 1950 vad-

214 1999 303 2044 την
351 1975 514 2030 ἐλθὼν
559 1976 649 2044 τὴν
696 1975 964 2044 ἀπόφασιν.
1048 1977 1164 2050 ᾤετο
1211 1976 1304 2047 γὰρ
1350 1980 1409 2031 ’ἐν
1456 1979 1544 2046 μὲν
1590 1985 1690 2041 τοῖς
1730 1981 1908 2042 δεξιοῖς

216 2058 376 2125 μέρεσι
414 2063 499 2124 τῆς
538 2055 738 2125 ὑστέρας
779 2059 1148 2125 συλληφθέντος
1179 2064 1265 2111 τοῦ
1300 2060 1570 2128 σπέρματος
1601 2058 1749 2127 ἅρρεν
1781 2057 1907 2111 ἄπο-

213 2144 479 2204 τελεῖσθαι,
535 2139 588 2190 ἐν
636 2139 690 2190 δὲ
737 2146 836 2201 τοῖς
875 2137 1150 2206 εὐωνύμοις
1188 2146 1336 2206 θῆλυ.
1412 2146 1552 2193 τοῦτο
1601 2140 1654 2192 δὲ
1704 2138 1769 2203 ὥς
1814 2138 1906 2193 οὐκ

213 2216 399 2285 ἀληθὲς
437 2219 493 2270 ’ἐν
523 2225 623 2282 τοῖς
654 2226 884 2285 φυσικοῖς
922 2221 1054 2288 περὶ
1094 2223 1421 2290 ζῳογονίας
1459 2225 1755 2289 παρίσταμεν
1785 2219 1903 2275 ὑπο-

333 2382 354 2420 1
390 2373 575 2428 πάντως
599 2377 656 2421 E:
690 2375 869 2430 παντὸς
893 2392 931 2424 c.
1028 2384 1051 2422 7
1085 2376 1204 2423 κύλα
1229 2380 1265 2423 Ε
1300 2380 1484 2436 (Pollux
1508 2379 1565 2437 II,
1581 2382 1676 2435 66):
1701 2384 1838 2425 κοῖλα
1863 2394 1900 2426 e.

212 2438 237 2478 8
265 2431 342 2478 ἐπὶ
366 2436 535 2491 πολλῆς
560 2450 583 2480 c
611 2437 742 2491 (colr.
762 2437 835 2493 D).
932 2443 983 2481 12
1016 2440 1126 2494 post
1143 2454 1282 2495 κυοφ.
1307 2439 1358 2482 in
1382 2452 1406 2482 c
1431 2442 1686 2494 sequuntur
1703 2439 1903 2484 Aetiana.

210 2509 255 2550 p
281 2498 545 2550 42,14-17
571 2494 627 2537 D.
774 2500 827 2539 15
862 2501 1055 2564 σημεῖον
1082 2498 1243 2553 (Aeta)
1279 2494 1403 2541 εἶναι
1426 2511 1464 2541 c.
1496 2498 1615 2542 haec
1648 2499 1705 2554 (v.
1727 2502 1839 2542 15—
1847 2502 1902 2543 18

208 2529 381 2609 θηλήν)
408 2566 463 2596 ex
490 2553 664 2597 Sorano
690 2554 922 2611 excerpsit,
944 2554 1046 2599 Aeb.
1076 2560 1145 2610 16,
1165 2560 1204 2609 9,
1238 2555 1318 2611 qui
1350 2555 1504 2600 aliena
1527 2556 1692 2600 deinde
1717 2556 1904 2601 addidiiz

211 2625 240 2655 a,
273 2611 436 2655 Sorani
474 2611 694 2683 scriptore
734 2613 912 2684 partim
944 2616 1134 2687 recepta,
1164 2629 1209 2671 p.
1242 2618 1522 2684 43,18-22
1556 2617 1604 2660 et
1634 2619 1712 2669 44,
1739 2619 1901 2672 6-15,

210 2670 352 2727 ubip
357 2674 455 2725 43,
474 2674 527 2714 21
562 2667 791 2727 πρότερον
823 2667 918 2715 ἀπὸ
947 2671 1049 2729 (sic)
1084 2649 1400 2728 ιπποκράτους
1431 2672 1645 2718 ὃέὃικται
1679 2673 1782 2731 (sic)
1815 2688 1852 2718 c.

212 2734 266 2774 16
300 2725 425 2786 ευχρ
458 2728 826 2801 Hipp.111,744.
862 2733 1023 2775 contra
1055 2731 1131 2787 111,
1159 2735 1184 2774 8
1210 2730 1315 2789 (Lip
1317 2734 1382 2787 s.).
1479 2737 1532 2777 17
1565 2730 1616 2777 τὸ
1651 2733 1775 2777 Aeta:
1809 2746 1900 2778 om.
1959 2752 1974 2755 «

211 2803 247 2832 0.
371 2794 424 2832 21
460 2784 578 2848 ᾤετο
610 2788 669 2832 E:
703 2783 818 2832 ω’στε
854 2803 890 2833 c.
939 2788 996 2833 cf.
1030 2789 1182 2860 Hipp.
1203 2790 1284 2847 ΙΙΙ,
1309 2795 1394 2836 465
1430 2791 1507 2846 (ad
1538 2792 1574 2848 Ι,
1599 2793 1719 2847 467).
1841 2795 1901 2835 24

210 2834 497 2905 παρίσταμάι
531 2862 554 2892 c
590 2849 720 2903 (corr.
754 2848 825 2904 E).
967 2826 1298 2906 ὑπομνήμασιν
1330 2850 1392 2895 D:
1426 2827 1690 2907 ὑπόμνησιν
1726 2849 1883 2906 (εἰο)ο
