2014 3162
211 249 265 289 ut
303 240 476 288 leviter
517 240 686 288 conari
716 240 940 303 incipiat,
979 240 1046 287 ita
1085 246 1142 287 ut
1173 253 1286 287 cum
1327 240 1581 288 matricem
1619 238 1797 288 viderit
1837 239 1898 289 ad

208 314 494 362 inferiorem
519 319 711 377 partem
735 312 1052 377 descendere,
1075 319 1195 361 tunc
1221 318 1271 360 et
1293 313 1398 376 ipse
1422 319 1643 378 conetur,
1668 314 1898 376 quotiens

207 402 324 436 vero
364 389 543 436 matrix
581 389 631 435 in
673 401 872 436 sursum
912 386 1203 450 ascenderit,
1250 400 1348 434 non
1390 392 1597 435 conetur
1637 386 1897 436 adducere.

206 463 313 525 ipse
353 476 468 509 vero
507 460 730 510 medicus
770 460 977 523 digitum
1017 466 1185 509 ceroto
1217 466 1424 508 unctum
1457 460 1643 508 orificio
1676 462 1897 510 matricis

162 545 183 578 5
208 537 509 599 circumagat
548 540 597 582 et
631 549 738 582 eam
763 535 966 598 aperiat,
1005 539 1062 581 ut
1093 539 1142 581 et
1175 534 1459 582 stricturam
1492 532 1646 581 solvat
1678 540 1727 582 et
1760 536 1897 598 quic-

207 609 326 672 quid
366 608 436 657 ibi
475 607 824 671 corrigendum
865 613 940 655 est
980 608 1208 671 corrigat,
1248 606 1559 671 frequentius
1590 613 1756 655 tamen
1788 607 1896 656 oleo

208 682 364 731 calido
405 687 455 730 et
495 683 627 730 sucis
666 681 772 730 loca
811 683 917 744 ipsa
956 682 1190 744 inrigans,
1256 695 1369 729 cum
1410 695 1526 728 vero
1571 686 1895 744 conpetenter

206 757 369 804 infans
425 761 627 804 secutus
673 756 724 803 in
772 754 1076 819 aliquantum
1123 754 1245 802 foris
1296 756 1494 820 exierit,
1555 753 1897 818 superioribus

207 828 431 893 partibus
470 830 654 878 iterum
694 827 1004 893 embryulcos
1044 828 1226 892 infigat,
1268 834 1318 877 et
1355 828 1448 877 hoc
1488 835 1589 877 tam
1628 827 1714 876 diu
1753 827 1899 877 faciat

144 914 184 945 10
210 919 355 967 quam
411 902 495 951 diu
551 917 695 950 omne
758 917 939 966 corpus
994 901 1195 951 infantis
1249 902 1369 950 foris
1426 903 1583 950 eiciat.
1677 895 1814 968 (63.)
1854 903 1897 951 si

207 983 371 1026 autem
411 982 578 1041 partes
610 975 720 1024 illae
752 976 954 1024 infantis
988 990 1111 1040 quae
1145 975 1265 1024 foris
1299 977 1504 1024 emissae
1532 981 1649 1024 sunt
1679 990 1771 1024 nec
1797 989 1896 1024 em-

206 1050 437 1115 bryulcos
470 1050 727 1098 admittere
761 1051 953 1113 possint
985 1064 1076 1098 nec
1119 1049 1327 1098 relicum
1372 1065 1553 1114 corpus
1598 1049 1719 1098 foris
1759 1050 1895 1098 exire

206 1126 509 1188 permittant,
541 1129 626 1172 aut
657 1129 793 1171 certe
830 1125 872 1171 si
904 1123 1064 1187 aliqua
1095 1138 1210 1187 pars
1239 1124 1440 1172 infantis
1463 1123 1675 1172 multum
1699 1123 1899 1187 grandis

207 1199 285 1262 sit,
342 1205 425 1246 aut
479 1199 642 1261 ipsum
690 1211 845 1260 pecus
883 1203 1136 1245 mortuum
1177 1198 1241 1245 sit
1286 1203 1342 1246 ut
1382 1212 1472 1246 nec
1513 1213 1565 1245 se
1606 1199 1766 1261 girare
1806 1211 1900 1246 nec

139 1281 181 1314 15
207 1273 342 1320 exire
382 1272 553 1335 possit,
601 1269 660 1318 ad
701 1269 1106 1334 embryotomiam
1141 1272 1436 1320 necessitate
1467 1273 1573 1335 ipsa
1599 1269 1898 1320 veniendum

206 1351 297 1410 est,
335 1351 393 1393 ut
430 1359 521 1409 per
559 1349 727 1408 partes
767 1346 1021 1393 concisum
1062 1359 1243 1408 corpus
1282 1345 1482 1394 infantis
1523 1346 1594 1393 sic
1627 1344 1894 1394 auferatur.

317 1416 402 1469 28.
443 1417 700 1474 Quomodo
740 1416 1007 1481 probamus
1047 1424 1298 1467 mortuum
1339 1432 1449 1467 esse
1487 1414 1762 1466 infantem?

317 1508 376 1541 ex
432 1507 490 1541 eo
538 1491 669 1556 quod
716 1491 925 1555 frigidus
973 1493 1018 1539 ei
1059 1492 1145 1540 fiet
1183 1497 1356 1540 venter
1395 1507 1487 1540 nec
1527 1493 1691 1557 ipsum
1738 1506 1892 1556 pecus

204 1580 257 1614 se
297 1571 461 1614 movet
499 1580 591 1613 nec
630 1564 829 1628 pulsum
869 1564 1016 1614 hahet
1053 1566 1106 1613 in
1145 1571 1302 1614 uter0.

138 1651 181 1682 20
317 1637 402 1689 29.
445 1638 699 1696 Quomodo
739 1639 979 1687 infantem
1019 1644 1272 1688 mortuum
1313 1638 1575 1689 concidere
1615 1637 1889 1689 dehemus?

315 1711 656 1777 principaliter
672 1718 839 1776 partes
866 1727 990 1776 quae
1016 1712 1136 1761 foris
1155 1718 1272 1761 sunt
1296 1714 1339 1761 si
1362 1715 1583 1762 revocari
1607 1714 1741 1762 intus
1759 1713 1892 1762 nullo

205 1787 349 1836 modo
389 1787 665 1852 potuerint,
712 1787 848 1850 ipsae
887 1787 1081 1850 priores
1120 1786 1477 1851 praecidendae
1519 1794 1656 1853 sunt,
1703 1787 1895 1836 scilicet

203 1863 254 1910 in
309 1860 531 1910 articulis
571 1859 658 1909 uhi
697 1866 746 1908 et
784 1859 1012 1909 facillime
1061 1859 1183 1909 solvi
1229 1867 1461 1925 possunt,
1515 1867 1564 1909 et
1602 1866 1715 1924 post
1753 1875 1891 1926 prae-

203 1936 419 1984 cisuram
465 1933 637 1982 levitas
685 1948 912 1982 ossorum
967 1940 1202 1983 remanet.
1296 1934 1477 1999 quibus
1531 1936 1790 2000 praecisiS,
1837 1940 1911 1984 ut‘

323 2066 346 2104 1
381 2061 442 2105 ad
470 2061 552 2105 inf.
583 2076 628 2117 p.
662 2061 744 2106 bh:
788 2060 1032 2106 conatibus
1065 2062 1121 2106 de
1152 2060 1371 2106 inferiore
1403 2063 1536 2119 parte
1567 2063 1596 2106 Ζ.
1777 2068 1803 2107 3
1835 2062 1886 2107 in

203 2134 383 2164 sursum
416 2121 486 2164 ble
519 2121 729 2164 insusum
759 2121 802 2165 h.
909 2121 1138 2166 adducere
1171 2134 1254 2165 om.
1286 2122 1328 2165 h,
1437 2125 1464 2165 5
1496 2134 1620 2165 eam:
1653 2135 1760 2166 eum
1783 2123 1887 2167 blh.

294 2182 342 2223 et
373 2195 405 2225 s.
442 2180 596 2224 solvat
625 2181 677 2223 h:
711 2179 965 2224 extrictura
997 2181 1045 2236 (Ζ,
1078 2181 1126 2224 et
1157 2179 1374 2224 strictura
1407 2181 1449 2235 b)
1483 2181 1693 2225 solvatur
1725 2181 1789 2226 bl.

203 2243 228 2282 6
262 2238 353 2283 olei
385 2238 525 2282 calidi
557 2239 621 2282 bl.
769 2244 794 2283 7
827 2243 910 2283 suc
941 2240 981 2293 b,
1014 2238 1186 2283 sucidis
1218 2240 1247 2283 Ζ.
1391 2243 1433 2282 8.
1469 2243 1537 2284 10.
1574 2244 1643 2283 11.
1677 2244 1733 2284 21
1765 2240 1891 2286 foras

200 2298 244 2341 h.
396 2302 421 2341 9
453 2298 618 2353 infigat
650 2299 734 2342 bh:
766 2297 984 2354 inpingat
1015 2299 1043 2343 Ζ.
1164 2297 1312 2342 faciat,
1343 2311 1484 2353 quam
1515 2297 1596 2342 diu
1626 2311 1708 2343 om.
1743 2300 1772 2345 Ζ.

204 2362 257 2400 11
290 2356 371 2400 ille
405 2357 479 2399 lh:
513 2357 605 2400 alie
638 2358 677 2401 b.
817 2362 870 2400 12
903 2358 1098 2414 possunt
1129 2357 1206 2402 bh.
1354 2361 1409 2400 13
1441 2358 1688 2412 permittat
1718 2359 1755 2414 Ζ,
1797 2373 1891 2404 non

201 2415 446 2472 permittat
475 2416 515 2459 b.
660 2417 742 2460 aut
773 2417 858 2460 bh:
908 2418 956 2460 et
987 2417 1014 2460 Ζ.
1160 2415 1307 2460 multe
1338 2415 1563 2471 gradissit
1594 2417 1641 2470 b,
1689 2417 1890 2463 multum

202 2473 436 2530 grandisit
466 2475 509 2528 h,
539 2475 741 2518 multum
773 2475 948 2531 grande
982 2474 1076 2519 sint
1107 2476 1135 2520 Ζ.
1296 2479 1352 2517 14
1384 2476 1468 2518 aut
1496 2488 1582 2519 nec
1612 2476 1817 2531 regirare
1849 2479 1889 2533 b,

201 2535 255 2576 ut
291 2545 377 2577 nec
418 2531 568 2590 girare
603 2535 639 2587 Ζ,
692 2535 746 2577 ut
788 2547 874 2578 nec
919 2547 967 2578 se
1011 2533 1182 2590 agitari
1222 2534 1265 2578 h.
1448 2538 1503 2577 17
1536 2533 1786 2589 probamus
1819 2537 1892 2581 bl:

202 2591 327 2636 enim
359 2592 749 2648 apprehendimus
781 2593 822 2636 h.
962 2606 1060 2637 esse
1091 2594 1140 2636 hz
1173 2605 1257 2636 om.
1289 2592 1353 2637 bl.
1493 2596 1548 2636 18
1581 2592 1625 2636 ei
1655 2593 1737 2637 fiet
1767 2596 1795 2650 Ζ,
1829 2594 1895 2640 ef-

200 2651 327 2696 ficiet
357 2652 404 2694 b:
437 2653 510 2695 est
540 2652 581 2695 h.
733 2664 819 2695 nec
851 2650 952 2707 ipse
998 2651 1096 2707 (sic)
1134 2665 1276 2707 pecus
1316 2664 1364 2695 se
1403 2652 1562 2695 movet
1594 2652 1665 2696 bl:
1715 2654 1762 2697 et
1798 2667 1894 2699 non

201 2711 415 2754 movetur
445 2711 486 2754 h.
625 2714 678 2753 19
711 2709 760 2753 in
790 2712 923 2754 utero
956 2710 1028 2754 bl:
1061 2723 1144 2754 om.
1175 2710 1219 2754 h.
1349 2714 1406 2754 20
1436 2709 1517 2753 inf.
1549 2712 1785 2755 mortuum
1817 2714 1890 2757 bl:

200 2783 344 2826 pecus
367 2769 409 2812 h.
531 2773 587 2813 23
620 2768 803 2825 possint
827 2770 865 2813 b.
988 2773 1046 2813 24
1075 2767 1244 2812 levitas
1278 2771 1397 2825 (λεῖα
1429 2765 1518 2825 γὰρ
1549 2765 1608 2813 τὰ
1641 2767 1756 2814 ὀστᾶ
1789 2771 1889 2816 Sor.

202 2831 313 2884 293,
338 2829 407 2885 6):
440 2827 610 2872 lenitas
643 2828 744 2871 bzh.
