2014 3162
107 281 202 330 que
249 265 407 314 fertur
451 264 614 328 primo
653 261 833 328 lentuS,
871 260 1184 326 postmodum
1223 261 1467 326 plurimus
1508 270 1557 312 et
1595 265 1788 327 sangui-

104 353 242 388 neus,

120 459 124 462 ,
215 407 298 460 59.
341 409 596 468 Quomodo
636 423 922 474 separamus
962 407 1180 457 dolorem
1216 410 1301 472 qui
1328 407 1392 456 'de
1426 408 1623 458 fervura
1655 412 1791 460 venit

103 483 162 533 ab
201 499 260 533 eo
302 485 386 549 qui
427 483 487 533 de
526 483 781 548 praesenti
817 487 963 547 partu
1005 477 1323 531 occurrerit?

215 572 272 606 eo
321 556 452 622 quod
499 557 726 606 fervurae
774 555 914 605 dolor
953 571 1066 605 cum
1106 555 1305 605 clusura
1344 562 1393 604 et
1433 556 1654 605 siccitate
1694 558 1788 605 ori·
1813 567 1834 599 5

101 631 199 680 ficii
237 633 502 680 invenitur.

213 702 300 754 60.
341 704 477 762 Quae
519 711 636 753 sunt
674 702 1010 768 praeparanda
1050 718 1174 768 quae
1206 709 1412 768 propter
1442 709 1638 768 partum
1671 710 1787 753 sunt
1812 706 1909 761 (21)

14 833 23 838 ⁸
101 779 380 828 necessaria
392 775 420 827 ἱ)

211 851 403 901 scilicet
455 851 634 917 oleum,
689 850 864 917 calida,
918 852 1278 917 teporationeS‚
1330 852 1562 916 spongiae
1602 851 1790 918 molleS‚

99 926 262 991 lanae,
301 925 502 991 fasciae,
542 924 799 974 cervicalia
839 931 889 973 et
926 925 1218 989 resumptivi
1257 924 1435 974 odores
1477 932 1526 974 et
1566 927 1608 973 si
1638 926 1791 974 fuerit
1816 936 1858 968 10

101 999 431 1049 obstetricalis
472 998 591 1048 sella
630 1000 731 1048 sive
773 998 1020 1065 cathedra,
1079 998 1191 1048 lecti
1232 998 1329 1048 duo
1370 1005 1420 1047 et
1468 998 1607 1048 locus
1644 1001 1790 1065 aptis-

101 1075 256 1123 simus
296 1074 474 1137 partui.

213 1143 299 1196 61.
341 1145 508 1204 Qualis
549 1152 626 1195 est
663 1145 994 1195 obstetricalis
1034 1142 1188 1195 sella?
1524 1187 1529 1193 χ

213 1221 362 1270 sicuti
401 1228 478 1269 est
516 1219 634 1269 sella
671 1221 905 1287 tonsoriS‚
943 1222 994 1269 in
1035 1235 1131 1285 qua
1172 1219 1374 1270 sedetur
1413 1222 1480 1270 ita
1520 1226 1576 1269 ut
1614 1219 1792 1270 habeat

101 1293 194 1343 sub
242 1309 384 1343 sessu
426 1293 746 1344 similitudine
783 1293 928 1343 lunae
970 1294 1189 1343 faramen
1228 1295 1533 1360 praecisum,
1579 1300 1636 1343 ut
1674 1294 1790 1343 illuc
1817 1304 1859 1338 16

101 1367 263 1417 infans
304 1366 489 1427 cadere>
521 1370 694 1432 possit.

218 1453 303 1505 62.
342 1454 450 1505 Duo
490 1455 606 1505 lecti
645 1456 703 1505 ad
743 1455 862 1521 quid
900 1453 1149 1524 prosunt?

213 1544 312 1578 uno
351 1544 468 1578 vero
510 1531 595 1594 qui
634 1537 710 1579 est
748 1530 923 1579 durius
962 1536 1147 1579 stratus
1186 1529 1256 1578 ibi
1293 1532 1655 1594 parturientem
1692 1529 1790 1579 col-

101 1601 344 1653 locamus:
393 1603 704 1668 frequentius
745 1605 877 1653 enim
916 1610 966 1653 et
1003 1605 1223 1653 iacentes
1261 1605 1476 1668 pariunt.
1552 1605 1605 1652 in
1650 1603 1790 1654 illum

219 1838 241 1877 1
274 1833 480 1891 plurimu
506 1833 531 1877 b
563 1834 731 1889 (·mum
754 1834 797 1888 h,
830 1847 953 1877 -mus
978 1834 1024 1890 Z).
1149 1838 1175 1878 3
1207 1847 1474 1890 separamus
1505 1835 1587 1891 (sic
1613 1834 1788 1892 Cant.):

99 1906 288 1952 separas
320 1894 386 1947 bl,
419 1896 518 1936 -rat
546 1893 588 1936 h.
720 1893 801 1948 qui
832 1893 873 1948 b,
905 1893 1030 1948 quod
1063 1893 1130 1938 lh.
1267 1893 1456 1938 ferbura
1488 1895 1571 1938 bh:
1604 1893 1788 1939 fervore

97 1955 126 1999 l.
248 1957 278 1996 4
309 1952 522 1997 occurret
552 1953 582 2009 l,
614 1951 698 1996 -rit
727 1953 757 1996 h
782 1950 967 2009 (Cant).
1077 1956 1102 1996 5
1133 1952 1315 1997 fervore
1349 1953 1413 2010 bl,
1446 1953 1504 1997 de
1535 1952 1715 1998 fervore
1746 1955 1790 1998 h.

224 2011 415 2058 orificii:
454 2010 549 2055 ·ci1‘1
581 2012 628 2066 b,
669 2013 719 2055 in
751 2010 978 2056 orificium
1011 2011 1075 2055 lh.
1230 2016 1255 2055 9
1289 2011 1395 2056 olefi
1429 2012 1582 2057 calida
1613 2014 1648 2056 l:
1681 2012 1791 2057 olefi

98 2070 254 2116 calidfl
286 2072 312 2115 b
345 2072 419 2128 (ex
450 2070 553 2115 oleo
586 2069 739 2114 calido
771 2071 831 2127 h).
923 2069 1243 2127 teporationes
1268 2067 1639 2129 (θερμάσματα);
1673 2074 1791 2116 tem-

33 2175 36 2178 .
95 2129 351 2188 potationis
385 2131 433 2186 b,
482 2129 814 2186 vaporationes
848 2130 902 2174 lh
935 2130 1046 2186 (·uis
1079 2130 1148 2186 10).
1331 2131 1599 2188 exspungiis
1632 2131 1679 2186 b,
1714 2145 1789 2175 ex-

97 2190 293 2250 spungie
326 2191 343 2234 l
374 2190 592 2246 (spongia,
621 2189 683 2245 h).
867 2189 1022 2233 mollis
1055 2189 1155 2233 blh.
1340 2195 1395 2235 10
1434 2190 1569 2234 lanae
1602 2190 1790 2254 bthlane

95 2249 266 2309 munde
299 2250 329 2305 l,
359 2249 518 2293 lanam
548 2247 772 2292 mundam
803 2249 846 2292 h.
967 2246 1226 2305 resumptio
1259 2247 1416 2293 odoris
1450 2250 1498 2305 b,
1531 2248 1789 2307 resumptio

34 2350 38 2352 ἡ
96 2311 270 2368 doloris
303 2323 319 2367 l
351 2323 420 2379 (in
442 2336 585 2380 mary.
609 2311 862 2380 ‘resfiptivi
893 2321 1061 2367 odores
1095 2323 1144 2378 ΖΟ,
1174 2322 1440 2380 resumpcio
1466 2322 1641 2368 doloris
1665 2324 1728 2379 h).

94 2381 159 2426 Et
189 2382 230 2426 si
259 2382 402 2427 fuerit
433 2381 725 2427 obsetricalis
759 2382 877 2426 sella
909 2383 982 2426 lh:
1023 2381 1086 2426 Et
1118 2395 1166 2425 se
1198 2382 1350 2426 foveri
1379 2382 1639 2427 matricalis
1672 2383 1790 2427 sella

37 2496 40 2497 ⁷
87 2441 137 2494 b.
260 2446 313 2486 11
348 2442 445 2487 sive
477 2442 582 2486 add.
615 2442 690 2497 (cf.
723 2441 825 2487 Sor.
860 2435 887 2497 ἢ
921 2443 997 2498 κ.).
1118 2440 1267 2486 lectos
1300 2443 1340 2486 b.
1467 2446 1520 2486 12
1544 2446 1653 2499 post
1682 2455 1787 2498 par-

95 2499 170 2549 fiui
199 2501 306 2546 add.
339 2501 393 2545 lh
422 2500 711 2545 necessarius
746 2502 837 2558 (-0s
868 2501 927 2557 h).
1083 2504 1139 2544 14
1169 2500 1373 2546 tunsoris
1407 2502 1447 2546 b.
1594 2515 1687 2556 qua
1718 2501 1786 2544 bc:

95 2573 187 2616 quo
218 2561 323 2605 blh.
446 2564 502 2605 15
534 2560 734 2604 subsexu
765 2560 869 2604 blh.
928 2569 931 2571 ’
993 2563 1048 2604 17
1080 2560 1199 2604 hanc
1229 2574 1302 2617 qu.
1336 2574 1419 2605 om.
1452 2561 1496 2614 h,
1526 2573 1622 2605 πον,
1654 2559 1786 2603 Oa‘nt.

97 2619 349 2676 (incipiunt
387 2620 552 2664 iterum
590 2621 642 2664 in
679 2620 758 2673 fol.
792 2632 917 2664 verso
948 2619 1244 2665 lacerationes
1283 2620 1453 2664 codicis
1484 2620 1532 2674 b,
1577 2620 1656 2664 secl
1687 2631 1788 2663 cum

95 2679 272 2723 nullam
311 2679 405 2733 fere
442 2680 557 2723 desit
594 2679 802 2733 verbum,
838 2691 1032 2723 vacuam
1063 2678 1131 2722 ibi
1171 2679 1348 2735 ftyarae
1386 2679 1503 2733 forte
1533 2679 1787 2734 appinqen-

95 2737 182 2781 dae
210 2738 432 2796 payinam
460 2739 603 2792 fuisse
631 2739 847 2795 sequitwr.
991 2737 1050 2781 ad
1082 2750 1165 2781 om.
1200 2738 1229 2784 l.
1351 2737 1608 2794 prodesunt
1639 2737 1667 2781 l.

98 2799 155 2839 18
186 2796 291 2840 Unfi
320 2810 430 2842 vero
462 2796 527 2853 qd
556 2798 699 2852 (quod
731 2798 763 2853 l)
783 2833 792 2842 .
813 2798 1012 2843 ..stratu
1045 2797 1113 2841 bl.
1257 2796 1324 2840 ibi
1355 2797 1392 2842 l:
1424 2796 1505 2840 ubi
1537 2797 1575 2840 b.
1731 2797 1785 2837 18

99 2855 211 2910 (etc.)
244 2855 535 2900 conlocamus
567 2857 583 2900 l
614 2856 744 2912 (coll-
777 2857 836 2910 b).
