2014 3162
897 84 1260 170 476-

238 252 422 302 habent
469 259 523 302 ut
561 255 661 301 sint
700 260 874 302 tenues
914 259 966 301 et
1003 251 1291 302 macilentae
1330 260 1379 301 et
1416 252 1655 316 pthisicae
1696 251 1771 301 vel
1806 251 1920 302 heo-

238 329 378 392 ticae,
418 332 502 376 aut
535 332 735 375 econtra
766 325 977 375 multum
1000 328 1210 390 pingues
1234 331 1285 375 et
1308 339 1517 392 crassae,
1555 325 1631 374 vel
1661 325 1926 376 iracundae

239 407 290 450 et
320 400 551 450 furiosae.
610 399 836 464 partibus
866 406 1032 448 autem
1064 398 1297 448 mulieres
1327 400 1665 466 inpediuntur,
1696 400 1928 463 quotiens

239 480 323 523 aut
355 489 453 523 non
483 481 759 538 purgantur
791 479 875 522 aut
899 473 1146 521 orificium
1173 474 1393 521 matricis
1419 473 1719 522 conductum
1742 471 1928 521 habent
2013 519 2014 538 ἶ

193 557 214 590 5
238 554 324 597 aut
362 553 642 596 contortum
693 554 777 595 aut
815 545 1100 594 membrano
1133 552 1217 594 aut
1248 545 1409 609 aliqua
1445 561 1499 594 re
1532 545 1688 594 aliena
1719 545 1929 612 clusum,
2013 539 2014 556 ¹

239 627 325 671 aut
363 627 498 670 certe
538 619 859 669 callositatem
899 625 983 668 aut
1023 618 1255 667 duritiam
1294 625 1377 667 aut
1409 619 1586 668 vulnus
1610 618 1680 667 ibi
1710 618 1923 667 habeant

238 701 294 744 ut
331 696 381 743 in
423 694 865 742 communicatione
895 693 992 740 viri
1025 706 1196 740 semen
1228 706 1326 740 non
1360 691 1618 742 admittant
1656 698 1706 741 et
1747 691 1922 740 exinde

239 774 288 817 et
326 766 520 816 steriles
562 767 663 816 sint
702 773 752 814 et
790 765 1061 814 eunuchae.

350 846 588 890 curantur
628 846 792 888 autem
831 838 1051 903 singulae
1087 853 1169 888 res
1201 838 1479 902 praedictae
1513 839 1798 903 conpetenti
1828 837 1928 887 sibi

172 925 213 957 10
238 913 511 979 diligentia,
556 915 625 962 ita
671 919 727 962 ut
773 913 1004 976 fatigatus
1052 913 1300 962 exercitiis
1341 919 1389 962 et
1428 913 1663 961 unctione
1704 918 1753 961 et
1791 911 1925 960 vario

238 987 348 1037 cibo
394 993 690 1036 resumatur.
768 987 810 1035 si
857 1001 971 1034 vero
1021 985 1181 1050 aliqua
1227 985 1440 1036 valitudo
1482 985 1685 1035 chronia
1722 983 1927 1051 inpedit,

237 1067 379 1111 antea
419 1066 624 1110 curetur
664 1065 713 1108 et
751 1061 822 1108 sic
861 1065 1156 1108 resumatur.
1220 1059 1546 1124 hypospadias
1585 1065 1750 1108 autem
1801 1059 1932 1108 sicut

236 1136 295 1184 in
336 1134 822 1198 chirurgumenis
861 1131 1029 1199 habes,
1069 1132 1317 1182 curandus
1357 1139 1447 1182 est.
1516 1131 1742 1182 similiter
1781 1131 1944 1194 etiam„

236 1207 415 1257 mulier
463 1205 759 1256 resumenda
812 1211 861 1255 et
907 1205 1136 1256 curanda.
1215 1207 1256 1255 si
1308 1221 1424 1255 vero
1471 1206 1634 1270 aliqua
1672 1220 1728 1254 re
1768 1204 1927 1254 aliena

169 1289 213 1323 15
237 1281 481 1330 orificium
533 1281 753 1329 matricis
800 1279 994 1329 clusum
1041 1286 1139 1345 est,
1193 1279 1243 1328 id
1301 1278 1572 1329 tollendum
1618 1285 1707 1345 est,
1761 1277 1838 1327 vel
1885 1278 1928 1326 si

237 1353 524 1404 membrano
565 1353 758 1402 clusum
797 1359 874 1402 est
905 1351 1240 1417 aperiendum.
1317 1352 1468 1403 callus
1501 1367 1618 1402 vero
1658 1358 1708 1402 et
1747 1351 1929 1402 duritia

238 1426 632 1477 commalaxanda
672 1432 760 1475 est.
837 1433 1035 1491 praeter
1073 1426 1162 1476 has
1209 1427 1340 1476 enim
1392 1440 1564 1476 causas
1603 1424 1737 1476 nulla
1775 1425 1926 1476 altera

236 1501 450 1550 inveniri
503 1507 668 1566 potest
715 1515 839 1565 quae
892 1500 1201 1550 sterilitatem
1240 1499 1385 1550 faciat
1423 1508 1473 1550 et
1512 1506 1806 1566 conceptum
1834 1499 1928 1573 ,(18-

237 1581 398 1639 neget.

118 1803 212 1859 (62)
497 1789 652 1844 XVII
705 1789 783 1843 De
822 1787 1038 1844 difficili
1078 1788 1134 1843 et
1170 1787 1444 1844 laborioso
1487 1787 1667 1861 partu

169 1937 211 1969 21
352 1924 396 1974 1.
438 1920 574 1992 (53)
615 1925 746 1983 Quot
785 1931 902 1974 sunt
941 1926 1073 1974 enim
1113 1939 1289 1974 causae
1330 1924 1511 1990 quibus
1543 1924 1818 1976 laboriosus
1851 1926 1927 1976 vel

235 1998 448 2048 difficilis
479 2006 653 2063 partus
694 1998 907 2048 efficitur
916 1994 944 2047 P

346 2072 547 2137 plurimi
601 2071 721 2121 duas
772 2086 945 2121 causas
993 2086 1102 2121 esse
1150 2072 1401 2138 dixerunt,
1451 2087 1598 2121 unam
1649 2072 1777 2137 apud
1816 2088 1923 2123 eam

236 2159 360 2211 quae
400 2146 544 2212 parit,
584 2145 786 2195 alteram
832 2144 961 2212 apud
999 2147 1164 2210 ipsum
1202 2146 1440 2195 infantem
1478 2147 1563 2210 qui
1594 2147 1730 2195 nasci
1760 2145 1921 2197 habet.

357 2306 379 2344 1
414 2303 462 2346 et:
491 2302 639 2357 tysice
670 2301 748 2345 vel
777 2301 954 2346 aeetico
987 2302 1089 2359 (sic)
1123 2303 1162 2346 l:
1201 2300 1276 2346 vel
1306 2301 1474 2346 thisiee
1505 2302 1547 2347 h.
1670 2306 1697 2345 2
1730 2302 1919 2347 econtra.

239 2360 280 2404 l:
316 2362 479 2404 contra
508 2361 550 2405 h.
696 2365 723 2405 5
753 2360 1076 2404 membranum
1108 2360 1351 2418 (mebransi
1382 2361 1415 2416 l)
1449 2361 1514 2405 lh.
1660 2360 1839 2404 clusum
1867 2362 1918 2406 h:

237 2418 446 2463 clausum
477 2419 506 2463 l.
629 2423 655 2462 6
685 2418 756 2462 ibi
787 2421 824 2463 l:
857 2432 940 2465 om.
971 2421 1014 2464 h.
1138 2423 1163 2463 ’1
1194 2421 1248 2463 ut:
1273 2421 1312 2463 Z:
1345 2421 1428 2463 aut:
1457 2420 1500 2466 h.
1595 2433 1752 2464 semen
1784 2419 1917 2464 emit:-

234 2477 350 2521 tant.
386 2476 551 2521 exinde
580 2477 623 2521 h.
746 2483 773 2522 8
806 2478 1014 2537 eunuehe
1045 2479 1088 2533 h,
1121 2491 1299 2522 cunuca.
1321 2479 1349 2522 l.
1473 2482 1527 2521 12
1559 2477 1854 2534 Ypospadias
1885 2479 1915 2533 l,

235 2535 456 2580 Ystadias
486 2537 528 2580 h.
671 2541 723 2580 13
757 2537 834 2592 c(h
856 2536 1198 2593 h)irurgimenis
1229 2538 1293 2581 lh.
1417 2539 1472 2580 15
1505 2536 1684 2580 clusum
1715 2537 1814 2593 (sic)
1847 2537 1915 2582 lh..

292 2594 342 2638 id
371 2595 605 2639 tollendus
637 2595 667 2651 l,
695 2594 1017 2639 adtollendum
1047 2596 1089 2640 h.
1207 2599 1261 2639 16
1293 2595 1472 2639 clusum
1501 2595 1551 2639 h:
1585 2595 1795 2639 clausum
1826 2596 1854 2639 l.

237 2656 292 2697 18
324 2653 409 2697 has
441 2653 565 2698 enim
595 2654 612 2697 Ζ
622 2671 632 2696 :
667 2652 789 2697 enim
820 2654 907 2697 has
937 2654 980 2697 h.
1124 2658 1180 2697 20
1211 2653 1476 2697 difficillimi
1508 2654 1547 2698 b.
1698 2658 1752 2697 21
1789 2652 1912 2706 Quot

234 2711 300 2766 (-d
333 2712 377 2768 b)
412 2713 483 2756 bl:
524 2725 607 2756 om.
641 2713 656 2756 l
688 2713 787 2768 (ubi
813 2713 882 2756 sic
913 2712 1030 2756 Sunt
1061 2711 1185 2756 enim
1219 2725 1351 2757 cause
1382 2712 1602 2769 plurime.
1623 2747 1632 2757 .
1653 2713 1704 2769 .).
1854 2717 1911 2757 23
1951 2763 1956 2765 λ

235 2770 351 2815 duas
374 2796 432 2803 --
457 2769 672 2815 dixerunt
701 2784 783 2815 om.
818 2771 857 2815 b.
993 2785 1134 2815 unam
1163 2771 1193 2815 h
1224 2772 1334 2827 (una.
1365 2772 1419 2827 l):
1455 2777 1535 2815 eni
1568 2785 1662 2816 una
1693 2772 1732 2817 b.
1853 2775 1912 2815 24

235 2829 359 2887 apud
391 2830 546 2887 ipsum
578 2832 702 2886 (eum
732 2831 766 2886 l)
798 2829 1025 2875 infantem
1056 2831 1164 2886 b(l):
1198 2830 1324 2886 apud.
1355 2843 1460 2874 eum
1491 2831 1533 2876 h.
