2014 3162
858 114 1260 166 —146—

762 317 958 374 (Oribas.
993 245 1070 361 lIoIcit.
1085 248 1197 371 2VI,
1229 318 1352 373 365).

338 406 648 451 Inflammatio
687 406 763 451 vel
801 405 957 451 fervor
995 419 1099 449 cum
1137 406 1319 450 tumore
1359 406 1407 450 et
1443 406 1612 450 rubore
1654 404 1912 450 consistens

222 479 359 523 quem
392 465 558 511 Graeci
588 466 852 533 flegmonen
879 466 1068 519 vocant,
1117 463 1157 508 si
1186 463 1236 508 in
1265 463 1462 508 matrice
1492 463 1633 508 fuerit
1664 465 1810 521 ortus,
1853 478 1912 509 ex

218 525 433 582 plurimis
477 527 524 569 et
553 524 693 569 variis
726 523 879 568 causis
911 522 1160 580 consurgit.
1219 522 1273 566 fit
1303 522 1427 567 enim
1459 536 1515 567 ex
1545 523 1777 580 frequenti
1806 537 1909 580 per-
1982 531 1983 534 ’

218 584 457 638 frictione,
497 584 551 627 fit
582 598 638 627 ex
670 582 864 626 diversis
896 581 1155 638 laboribus,
1187 582 1242 625 fit
1279 595 1335 626 ex
1366 582 1614 628 aborsu...
1657 582 1809 626 solent
1837 583 1906 626 in-

175 651 197 684 5
219 642 558 687 flammationes
606 656 661 686 ex
699 640 773 684 his
814 654 1089 698 consurgere
1129 642 1177 684 et
1213 641 1367 685 nullas
1404 641 1527 685 inter
1565 654 1614 685 se
1645 640 1799 685 varias
1829 640 1909 686 vel
1996 693 1999 702 ⁴

219 702 423 747 diversas
460 701 700 758 postulant
739 699 1019 757 curationes,
1061 701 1142 744 sed
1180 713 1274 744 una
1313 700 1385 744 est
1415 699 1627 744 omnibus
1660 699 1913 757 diligentia
1980 711 2000 717 ¹*

219 761 495 805 adhibenda.
1995 756 1999 763 ⁴

337 833 442 864 cum
473 833 583 876 ergo
615 818 665 862 in
694 819 878 863 tumore
910 818 1050 862 fuerit
1090 819 1281 874 matrix,
1330 817 1490 873 aliqua
1529 817 1793 863 communia
1821 821 1921 874 pa-'

216 877 334 922 titur
365 878 513 935 signa,
545 878 705 934 aliqua
735 876 924 934 propria
953 891 1037 933 per
1068 890 1187 932 quae
1217 878 1375 934 partes
1400 876 1612 934 singulae
1643 875 1908 933 produntur

151 947 193 979 10
218 950 336 993 quae
367 938 621 994 patiuntur.
684 935 907 992 aliquand
910 950 936 981 0
974 935 1168 1003 <0111111>
1208 937 1312 981 tota
1341 936 1563 980 tumescit
1592 935 1783 991 matrix,
1822 934 1906 979 ali·
1985 976 1990 993 ζ

218 995 431 1052 quotiens
469 1010 576 1053 pars
617 995 717 1040 eius
748 996 974 1052 probatur
1004 1009 1104 1040 esse
1135 995 1183 1038 in
1214 997 1408 1040 tumore.
1471 995 1734 1040 communia
1762 971 1911 1051 igitur

217 1054 352 1112 signa
375 1057 482 1099 sunt
503 1054 885 1099 inflammationis
910 1055 1071 1110 saltus,
1095 1054 1290 1110 inflatio,
1323 1053 1508 1109 duritia,
1532 1053 1685 1098 fervor
1715 1052 1996 1110 ignitus,

218 1114 418 1168 siccitas„
448 1113 613 1169 tensio,
645 1113 848 1181 gravedo
873 1114 1204 1168 vertebrorum,
1238 1114 1438 1168 clunum,
1469 1111 1671 1168 iliorum,
1705 1113 1790 1156 sub
1805 1127 1906 1156 um-

216 1172 358 1218 bilico
389 1173 668 1229 pubetenuS,
715 1172 978 1229 inguinum,
1011 1172 1260 1227 femorum,
1291 1174 1404 1216 tunc
1436 1171 1581 1216 etiam
1613 1185 1719 1215 cum
1740 1171 1906 1238 rigore
1974 1195 1987 1211 .-

150 1240 192 1272 15
214 1231 366 1276 febres
399 1233 579 1286 acutae,
611 1231 802 1276 iactatio
835 1231 1089 1277 doloris...
1120 1233 1260 1288 atque
1285 1245 1487 1288 genuum
1512 1231 1672 1287 stupor
1695 1228 1907 1287 frigidus,
1974 1247 1992 1286 ,ζ

213 1292 325 1335 tunc
365 1293 411 1334 et
449 1289 657 1335 roscidus
698 1289 858 1347 sudor,
903 1290 1062 1346 pulsus
1098 1303 1269 1346 parvus
1302 1290 1474 1344 creber,
1514 1291 1627 1334 tunc
1658 1303 1905 1334 consensus

215 1347 447 1394 stomachi
493 1363 598 1393 cum
645 1349 833 1394 defectu
872 1363 927 1393 ac
966 1348 1198 1394 solutione
1236 1349 1549 1393 membrorum
1587 1350 1634 1394 et
1672 1349 1907 1393 crescente
1980 1356 1992 1372 ³

213 1409 431 1465 passione
455 1408 686 1466 singultus
711 1409 760 1453 et
776 1407 970 1453 cervicis
994 1407 1129 1452 dolor
1144 1409 1286 1464 atque
1305 1405 1631 1464 conligationis
1652 1407 1907 1452 buccarum

215 1481 329 1523 quas
370 1466 506 1511 Greci
544 1467 760 1524 siagonas
798 1469 991 1522 vocant,
1039 1467 1151 1511 tunc
1182 1466 1328 1510 medii
1360 1466 1525 1524 capitis
1588 1467 1680 1510 uod
1709 1467 1904 1523 bregma

148 1536 191 1567 20
214 1526 395 1581 dicunt,
435 1527 484 1571 et
515 1527 752 1571 oculorum
790 1525 943 1583 magis
981 1525 1214 1582 radicum,
1260 1526 1421 1570 urinae
1451 1526 1560 1583 inpe
1612 1526 1821 1569 mentum
1852 1526 1902 1593 et

213 1585 389 1629 ventris
427 1585 646 1642 egerendi
678 1584 928 1630 difficultas
961 1587 1043 1629 aut
1074 1585 1329 1641 utriusque
1399 1585 1448 1629 in
1478 1584 1609 1642 peius
1641 1598 1752 1629 vero
1781 1583 1898 1628 inci-

214 1643 354 1688 dente
398 1643 614 1700 passione
654 1645 703 1688 et
738 1646 895 1689 tumor
932 1644 1108 1688 ventris
1139 1644 1322 1689 accedit
1353 1646 1401 1689 et
1432 1658 1538 1688 cum
1568 1644 1698 1689 febre
1729 1642 1899 1688 mentis
1970 1639 1986 1685 >3

214 1702 435 1747 alienatio
460 1705 508 1747 et
529 1702 686 1747 inlisio
719 1703 929 1748 dentium
961 1705 1008 1747 et
1038 1704 1295 1748 contractio
1318 1716 1566 1747 nervorum
1584 1703 1708 1759 quod
1734 1702 1904 1748 Graeci
1968 1715 1984 1731 ·¹

215 1776 432 1818 spasmon
454 1762 635 1806 vocant.
1981 1779 1984 1787 ·

988 1821 1045 1878 II,
1079 1825 1105 1866 8

746 1894 943 1950 (Oribas.
976 1895 1054 1939 lat.
1097 1894 1188 1950 VI,
1219 1896 1344 1950 372).

146 1991 189 2023 25
332 1981 507 2026 Scleria
538 1984 696 2027 autem
728 1983 898 2027 dicitur
928 1984 1068 2028 durus
1101 1983 1293 2051 quidam
1322 1984 1478 2028 tumor
1500 1982 1716 2028 resistens
1750 1963 1921 2028 tactui.
1960 1975 1981 2032 ι’,

213 2054 318 2085 011111
371 2040 745 2086 insensibilitate.
824 2042 1035 2097 quamvis
1090 2042 1212 2088 enim
1259 2043 1559 2087 vehementer
1603 2041 1897 2110 inprimatur,

211 2113 303 2144 non
334 2098 471 2144 facile
502 2102 664 2144 tamen
694 2101 904 2157 sentit-ur,
936 2102 1017 2146 sed
1045 2103 1282 2159 torporem
1305 2100 1422 2146 facit
1445 2103 1493 2146 et
1516 2100 1636 2146 sicut
1657 2116 1708 2145 111
1730 2100 1900 2146 ischia·
1958 2136 1971 2156 ,Δ

212 2158 317 2203 dica
375 2158 591 2216 passione
653 2160 975 2228 gradientibus
1037 2162 1113 2206 vel
1168 2175 1266 2205 sese
1313 2160 1644 2205 inclinantibus
1692 2160 1900 2205 dolorem
1956 2161 1975 2218 ᾗ,

210 2219 370 2262 movet
400 2218 587 2262 clunum
618 2220 758 2276 atque
785 2219 1028 2276 inguinum
1053 2222 1100 2265 et
1123 2220 1208 2265 sub
1230 2219 1455 2264 umbilico
1485 2220 1761 2288 pubetenus,
1794 2234 1900 2264 cum
1952 2218 1976 2241 '³

143 2285 188 2317 30
209 2277 415 2334 pondere
462 2278 666 2333 quodam
712 2279 773 2322 ad
802 2278 1023 2324 inferiora
1051 2279 1289 2324 tendente.
1351 2293 1460 2323 nam
1492 2279 1532 2323 si
1561 2278 1610 2322 in
1643 2278 1741 2322 eius
1774 2277 1897 2322 00110

210 2336 287 2380 vel
333 2337 490 2380 osculo
529 2337 703 2382 duritia
740 2338 900 2394 fuerit,
947 2339 1030 2382 ilia
1069 2352 1164 2382 non
1193 2338 1412 2382 inflantur
1441 2351 1527 2382 nec
1560 2338 1646 2382 sub
1675 2336 1902 2382 umbilico
1960 2343 1972 2382 Γ

209 2395 469 2497 gubztenus
507 2396 781 2453 tenduntur,
829 2397 911 2441 sed
948 2396 1152 2442 inmissis
1193 2396 1355 2454 digitis
1400 2396 1618 2442 resistens
1661 2396 1898 2442 invenitur
1950 2395 1967 2428 »ἶ

242 2468 315 2497 uri
339 2467 385 2497 1a
1963 2462 1966 2469 ’

330 2547 354 2583 1
386 2541 805 2587 Inflammationem
836 2543 912 2588 vel
941 2544 1171 2588 fervorem
1202 2557 1237 2588 0.
1359 2549 1385 2587 2
1419 2557 1496 2588 ex:
1529 2557 1648 2600 quae
1681 2557 1737 2587 ex
1769 2558 1805 2588 0.

210 2604 239 2643 4
269 2613 383 2656 quae
411 2613 496 2656 seq.
522 2614 596 2657 ap.
619 2601 743 2646 Orib.
770 2603 866 2656 lat„
897 2616 952 2647 ex
983 2604 1076 2648 alio
1107 2603 1232 2657 fonte
1263 2603 1467 2647 admixto
1499 2603 1635 2647 illata
1664 2604 1892 2648 videntur.

270 2663 296 2702 5
327 2659 507 2702 nullam
537 2665 750 2704 c.10
782 2675 943 2716 quase
1083 2661 1208 2706 enim
1238 2662 1414 2706 addidi.
1539 2666 1593 2706 13
1627 2662 1711 2706 sub
1742 2662 1898 2706 umbi-
1948 2679 1955 2685 ¹*

208 2717 303 2761 licu
333 2718 468 2762 tenus
499 2722 742 2763 e.15
773 2718 966 2764 iactatio
999 2720 1181 2765 dolores
1211 2721 1367 2764 tumor
1399 2720 1551 2776 adque
1583 2734 1788 2777 genuum
1811 2725 1894 2766 etc

208 2789 243 2821 0.
367 2781 423 2821 20
453 2776 661 2821 radicum
694 2777 868 2834 dolent,
898 2779 1058 2824 urinae
1091 2793 1126 2824 0.
1249 2784 1303 2822 21
1336 2779 1520 2836 utrique
1552 2793 1588 2825 0.
1695 2784 1752 2823 24
1783 2793 1887 2836 spa·
1943 2791 1951 2805 ²

210 2849 331 2880 smos
362 2849 398 2880 0.
535 2840 590 2880 26
624 2850 729 2882 011111
761 2836 996 2883 80118100.
1117 2842 1172 2882 27
1205 2852 1297 2883 11011
1329 2851 1411 2884 om.
1445 2852 1480 2883 0.
1626 2837 1818 2882 sciatica
1852 2851 1889 2884 0.
1940 2844 1942 2882 ζ
