2014 3162
736 151 798 161 —-
881 123 1134 177 325—

95 261 231 308 κεῖον
276 254 461 309 κόλπον
507 255 668 323 ε’φύσα
716 254 975 328 διαστολὴν
1020 255 1334 324 ἐπιτηδεύων.
1425 262 1684 324 Διοκλῆς
1730 257 1784 309 δὲ

96 337 158 389 έν
201 342 276 410 τῷ
313 340 482 409 τρίτῳ
528 344 639 391 τῶν
685 340 1047 408 γυναικείων
1086 335 1287 406 συνάγει
1327 338 1415 404 μὲν
1453 336 1509 390 τὰ
1552 336 1784 408 πτερύγια

94 423 179 486 τῆς
216 417 376 488 ῥινός,
423 417 611 488 ἀνοίγει
657 419 712 472 δὲ
757 417 810 472 τὸ
861 417 1012 487 στόμα
1049 419 1132 471 καὶ
1169 425 1420 493 πταρμικῷ
1458 424 1653 488 χρῆται,
1702 419 1784 472 καὶ

93 504 150 572 τῇ
195 501 317 568 χειρὶ
361 498 451 568 τὴν
495 498 702 568 ὑστέραν
748 503 816 563 εἷς
861 499 976 564 τοὺς
1013 497 1366 569 ὑποκειμένους
1404 499 1667 568 ἆποθλίβει
1703 499 1779 553 τό-

93 602 220 645 πους
259 581 342 635 διὰ
379 588 464 651 τῆς
503 585 571 645 εἰς
608 581 660 636 τὸ
699 580 1031 652 ’ὑποχόνδριον
1068 583 1371 653 έπερείσεως,
1417 584 1500 635 καὶ
1537 580 1595 634 τὰ
1634 582 1777 649 σκέλη

92 670 261 737 θερμῷ
314 671 575 717 καταντλεῖ.
673 667 952 728 Μαντίας
1003 664 1058 717 δὲ
1110 667 1349 737 καστορίῳ
1413 666 1496 717 καὶ
1550 662 1781 734 ἀσφάλτῳ

93 747 273 807 ποτίζει
319 744 386 798 δι’
439 748 604 812 οἴνου,
653 744 921 813 μελλούσης
960 745 1014 798 δὲ
1050 751 1137 814 τῆς
1173 750 1456 814 καταφορᾶς
1493 743 1786 812 καταυλήσει

93 832 262 895 χρῆται
299 829 382 880 καὶ
417 825 704 896 τυμπάνοις.
774 816 1276 894 Ξενοφῶν-δὲ-ἷαὶ
1314 833 1423 894 φῶς
1459 825 1512 880 τὸ
1552 824 1650 879 άπὸ
1687 831 1787 878 τῶν

92 907 390 976 λαμπτήρων
436 909 646 976 εἰσφέρει
691 908 776 961 καὶ
811 906 967 976 ἤχους
1005 906 1278 976 ἐπιτηδεύει
1315 910 1544 970 πλείονας
1587 905 1786 960 ἀκονῶν

92 990 170 1041 καὶ
225 987 419 1042 τύπτων
471 988 759 1058 χαλκώματα
811 989 895 1041 καὶ
951 987 1146 1057 χορδάς.
1239 987 1676 1056 Ἀσκληπιάδης
1730 987 1785 1039 δὲ

92 1076 345 1144 πταρμικῷ
397 1076 570 1139 χρῆται
619 1071 704 1123 καὶ
756 1067 814 1121 τὰ
867 1067 1172 1138 ὑποχόνδρια
1218 1075 1456 1137 τελαμῶσι
1507 1071 1784 1138 διασφίγγει

91 1153 175 1204 καὶ
212 1153 367 1225 ἐμβοᾷ
405 1153 487 1204 καὶ
524 1158 629 1214 ταῖς
669 1151 797 1221 ῥισὶν
830 1148 943 1213 ὅξος
971 1152 1184 1224 ἔμφυσᾷ,
1223 1149 1342 1203 κατὰ
1370 1148 1499 1203 δὲτὸ
1526 1148 1785 1217 διάλειμμα

52 1300 54 1302 v
92 1236 362 1286 συνουσίαν
394 1231 641 1301 δοκιμάζει
670 1233 755 1285 καὶ
780 1228 1086 1300 ὑδροποσίαν
1103 1272 1114 1285 .
1132 1273 1143 1285 .
1159 1274 1171 1286 .
1197 1230 1494 1301 μεμφόμεθα
1521 1231 1576 1283 δὲ
1598 1230 1786 1294 πάντας

93 1313 281 1377 εὐθέως
326 1313 629 1382 πλήσσοντας
673 1313 731 1367 τὰ
782 1317 1143 1383 φλεγμαίνοντα
1179 1315 1264 1366 καὶ
1301 1311 1486 1382 κάρους
1523 1330 1785 1365 κατασκευ-

94 1394 297 1459 άζοντας
345 1393 428 1448 διὰ
472 1401 558 1463 τῆς
608 1397 662 1448 ἐκ
713 1401 811 1448 τῶν
850 1399 1094 1449 δυσωδῶν
1132 1394 1407 1465 ἀποφορᾶς.
1484 1393 1545 1447 οὐ
1584 1393 1677 1463 γάρ
1717 1391 1784 1457 ὥς

93 1480 278 1545 θηρίον
328 1478 381 1529 ἐκ
429 1482 636 1544 φωλεῶν
681 1474 713 1545 ἡ
764 1475 921 1546 μήτρα
967 1478 1199 1546 προέρπει
1244 1476 1513 1544 τερπομένη
1562 1476 1650 1543 μὲν
1687 1482 1786 1538 τοῖς

92 1555 296 1611 εὖῶδεσι
335 1556 590 1627 φεύγουσα
623 1557 676 1610 δὲ
715 1555 772 1610 τὰ
813 1557 1039 1626 δυσώδη,
1081 1557 1163 1611 διὰ
1203 1559 1257 1612 δὲ
1295 1556 1386 1626 τὴν
1424 1559 1477 1610 ἐκ
1514 1563 1600 1625 τῆς
1640 1563 1787 1626 φλεγ-

93 1644 247 1707 μονῆς
297 1642 494 1709 σφίγξιν
549 1644 886 1693 συνολκοῦται.
956 1638 1168 1708 χαλεπὸν
1214 1640 1267 1693 δὲ
1305 1640 1388 1692 καὶ
1426 1641 1788 1708 φλεγμαίνοντα

92 1718 211 1773 κατὰ
250 1719 568 1788 συμπάθειαν
604 1719 693 1774 τὸν
733 1719 975 1789 στόμαχον
1013 1720 1258 1790 ποτήμασι
1294 1727 1483 1774 κακοῦν
1522 1719 1788 1789 φαρμακῶ-

1809 607 1830 640 5

1810 1015 1854 1047 10

1810 1421 1853 1454 15

93 1804 197 1856 δεσι
242 1803 324 1854 καὶ
371 1803 604 1871 δριμέσιν.
680 1800 712 1871 ἡ
761 1803 813 1854 δὲ
860 1800 958 1856 ὑπὸ
1005 1808 1090 1870 τῆς
1135 1807 1447 1871 χαλκευτικῆς
1494 1800 1658 1869 φύσης
1704 1803 1783 1854 ἕκ-
1807 1827 1851 1858 20

91 1890 267 1950 θλιψις
322 1886 390 1947 εἰς
443 1881 496 1937 τὸ
551 1886 747 1938 αἰδοῖον
800 1889 857 1956 τῇ
907 1882 1242 1952 πνευματῶσει
1298 1886 1651 1952 προσδιατείνει
1695 1881 1787 1951 τὴν

98 1963 303 2033 ὑστέραν
350 1967 532 2027 ἱκανῶς
569 1963 669 2033 ἤδη
707 1971 774 2039 τῷ
814 1961 943 2036 λόγῳ
982 1971 1068 2032 τῆς
1107 1970 1386 2035 φλεγμονῆς
1426 1965 1784 2034 διατεταμένην.

95 2043 126 2113 ἡ
179 2046 233 2098 δὲ
280 2050 378 2099 τῶν
423 2052 707 2116 πταρμικῶν
756 2053 924 2116 χρῆσις
961 2053 1027 2121 τῷ
1065 2052 1280 2120 τιναγμῷ
1317 2047 1401 2099 καὶ
1439 2052 1496 2117 τῇ
1536 2045 1786 2115 δριμύτητι

95 2132 194 2181 τῶν
233 2126 511 2197 φαρμάκων
549 2133 915 2228 μετασυγκρίνει
951 2126 1010 2182 τὰ
1048 2131 1351 2198 χρονίσαντα.
1431 2126 1601 2196 διόπερ
1639 2146 1785 2197 προσ-

96 2207 363 2278 παροξύνει
412 2209 470 2280 τῇ
518 2230 606 2277 μεν
647 2209 859 2263 ἐπιτάσει
896 2209 986 2279 τὴν
1026 2209 1255 2263 διάθεσιν
1293 2207 1353 2263 οὗ
1392 2211 1504 2277 βίας
1544 2210 1784 2277 δεομένην

101 2288 223 2343 ἄλλα
261 2295 537 2358 πραυσμοῦ.
577 2292 832 2359 πληκτικοὶ
871 2291 924 2344 δὲ
962 2292 1044 2344 καὶ
1084 2293 1135 2344 οἱ
1160 2287 1326 2358 ψόφοι
1356 2290 1438 2342 καὶ
1470 2292 1521 2343 οἱ
1545 2295 1643 2342 τῶν
1673 2295 1786 2358 χαλ-

95 2370 335 2440 κωμάτων
379 2374 491 2441 ἠχοι
537 2373 620 2424 καὶ
665 2378 763 2425 τῶν
809 2371 892 2425 δια
938 2371 1028 2440 τὴν
1075 2369 1358 2442 φλεγμονὴν
1411 2369 1651 2424 εὖπαθῶν
1690 2372 1787 2439 έρε-

217 2516 333 2561 2.cf
366 2516 507 2575 Hipp.
542 2531 683 2574 supra
712 2518 747 2573 Ι,
776 2522 831 2563 22
866 2519 972 2575 (71).
1097 2522 1120 2561 7
1154 2516 1453 2573 καταφορᾶς-ε
1486 2515 1730 2572 κυοφορᾶς
1761 2529 1785 2560 c

97 2570 365 2632 (ἀναφορᾶς
394 2576 466 2633 Ε).
603 2581 631 2622 8
663 2575 869 2634 χρῆσθαι
902 2591 926 2621 c
959 2578 1091 2633 (corr.
1124 2576 1195 2633 E).
1322 2580 1376 2621 13
1407 2575 1494 2620 lac,
1529 2575 1786 2645 significavi

38 2676 42 2678 .
95 2635 289 2691 propter
320 2637 432 2681 exiit.
453 2649 566 2708 cap.
600 2636 655 2681 cf.
690 2637 750 2681 ad
780 2651 824 2694 p.
851 2641 1042 2694 326‚13.
1183 2640 1235 2680 15
1269 2631 1350 2680 διὰ
1382 2634 1465 2690 τῆς
1495 2634 1555 2678 E:
1588 2635 1671 2690 τῆς
1703 2630 1783 2677 δια

97 2693 180 2749 τῆς
199 2707 236 2738 c.
330 2698 385 2738 16
417 2711 503 2751 μεν
533 2699 631 2747 τοῖς
661 2695 720 2741 E:
754 2695 916 2753 μέντοι
946 2709 983 2739 c.
1080 2700 1134 2740 17
1166 2712 1223 2739 τα
1256 2694 1360 2739 add.
1394 2694 1446 2739 E.
1542 2698 1596 2738 18
1628 2695 1785 2737 συνελ·

99 2751 282 2796 κοῦθαι
314 2765 351 2796 c.
493 2750 552 2798 τὰ
584 2755 695 2799 ante
726 2758 890 2812 φλεγμ.
924 2754 1050 2812 quod
1082 2754 1185 2799 add.
1220 2768 1257 2810 e,
1292 2753 1441 2799 omisi.
1593 2756 1649 2796 22
1681 2753 1784 2795 δια-

96 2810 380 2868 τεταγμένης
413 2824 437 2856 c
470 2813 602 2868 (corr.
636 2813 697 2871 d).
849 2819 906 2858 24
937 2810 1195 2869 παροξύνει
1227 2828 1251 2858 c
1284 2810 1463 2869 (addidi
1493 2813 1664 2868 apem.)

99 2874 155 2915 25
188 2869 414 2928 δεομένης
446 2885 470 2915 0
503 2872 633 2928 (corr.
665 2873 735 2931 E).

1810 2231 1853 2265 25
