2014 3162
874 127 1273 181 —320—

238 257 429 323 μέρεσιν
484 256 758 324 ἐπιφέρειν,
812 258 895 310 καὶ
940 256 1023 311 διὰ
1069 265 1209 314 τοῦτο
1257 259 1529 324 ἀκάθεκτος
1581 257 1752 321 αὐταῖς
1798 255 1923 326 πρὸς

238 340 509 390 συνουσίαν
555 335 679 405 ὁρμὴ
727 341 938 408 γίγνεται
983 341 1066 391 καὶ
1110 340 1396 410 παρατροπὴ
1443 347 1528 409 τῆς
1575 342 1796 402 διανοίας
1842 339 1924 392 έπὶ

237 416 394 472 ποσὸν
435 416 517 471 διὰ
555 424 640 487 τῆς
678 417 802 487 πρὸς
836 418 931 487 τὴν
963 418 1169 490 ὑστέραν
1197 428 1295 476 τῶν
1327 425 1577 492 μήνῦγγων
1609 418 1925 489 συμπάθειαν

236 501 710 568 παραγκωνισαμένη
750 506 915 554 πᾶσαν
954 505 1090 555 αἰδῶ.
1118 545 1128 555 .
1154 546 1164 556 .
1194 545 1203 556 .

191 682 212 715 5
643 666 717 713 Ν
756 664 904 731 Περὶ
942 662 1252 733 ὑστερικῆς
1290 663 1519 735 πνιγός.

349 770 432 816 26.
495 761 564 815 Ἡ
595 761 818 832 ὑστερικὴ
867 767 982 830 πνὶξ
1019 768 1242 836 κέκληται
1282 769 1370 836 μὲν
1409 768 1661 832 συνθέτως
1699 765 1798 821 ἀπὸ
1835 773 1923 822 τοῦ

235 844 508 914 πάσχοντος
531 844 699 945 τόπου
737 848 821 898 καὶ
860 847 1212 916 συμπτώματος
1251 848 1379 916 ἑνός,
1429 850 1550 918 λέγω
1591 848 1653 917 δὴ
1692 854 1779 902 τοῦ
1816 869 1922 902 πνι-

234 948 376 996 γμου.
438 924 543 978 κατ’
588 929 787 981 ε’ννοιαν
827 929 881 981 δέ
919 930 1047 981 ἔστιν
1078 929 1228 999 ἐποχὴ
1262 929 1519 1032 ἀναπνοῆς
1550 928 1666 998 μετὰ
1697 928 1924 996 ἆφωνίας

234 1009 317 1059 καὶ
369 1013 576 1076 κατοχῆς
630 1007 908 1076 αἰσθήσεως
956 1009 1039 1063 δια
1084 1032 1236 1064 ποιαν
1282 1013 1393 1079 περὶ
1436 1010 1528 1079 τὴν
1575 1009 1780 1079 υστέραν
1818 1009 1924 1063 διά-

169 1110 212 1143 ιο
235 1095 415 1141 θεσιν.

346 1190 669 1238 προκαταρχει
693 1171 747 1223 δὲ
769 1177 856 1224 τοῦ
879 1171 1081 1235 παθους
1113 1170 1179 1235 ὡς
1211 1173 1291 1225 ἐπὶ
1321 1171 1374 1226 τὸ
1407 1179 1631 1226 πλεῖστον
1655 1171 1923 1240 ἐπαλλήλος

235 1252 486 1318 ἔκτρωσις,
536 1249 800 1318 ὥμοτοκία,
847 1256 1016 1320 χήρεία
1064 1252 1249 1320 μακροί,
1295 1251 1525 1320 κράτησις
1571 1251 1804 1320 ἐμμήνων
1841 1253 1922 1304 καὶ

236 1329 498 1399 συνήθους
535 1330 758 1399 κυήσεως
795 1333 1094 1402 περιγραφή,
1133 1332 1472 1402 πνευμάτωσις
1510 1331 1728 1401 ὑστέρας.

345 1413 610 1480 παρέπεται
642 1414 695 1465 δὲ
725 1421 829 1476 ταῖς
861 1415 915 1466 ἐν
937 1420 1003 1487 τῷ
1033 1413 1188 1467 πάθει
1217 1412 1573 1484 τυγχανούσαις
1602 1418 1923 1483 παροξυσμοῦ

169 1515 212 1548 15
236 1494 530 1563 γιγνομένου
568 1494 895 1562 κατάπτωσις,
935 1493 1136 1562 ἀφωνία
1146 1536 1161 1563 ,
1200 1494 1504 1565 βαρύπνοια,
1543 1493 1817 1563 κατάληψις
1854 1498 1926 1548 αἰ-

236 1573 481 1642 σθήσεως,
522 1577 789 1643 συνέρεισις
828 1574 1049 1630 ὀδόντων
1084 1578 1167 1629 καὶ
1214 1575 1426 1645 τρισμός,
1467 1574 1681 1643 συνολκή
1710 1595 1759 1628 τε
1805 1592 1923 1629 σπα-

235 1654 433 1723 σμῶδης
479 1662 576 1709 τῶν
622 1656 812 1726 ἄκρων,
866 1657 982 1711 ποτὲ
1021 1657 1075 1710 δὲ
1112 1656 1314 1725 πάρεσις
1352 1656 1529 1724 μόνον,
1579 1655 1923 1725 ὑποχονδρίων

357 1806 379 1844 1
429 1800 617 1858 μέρεσιν
658 1816 704 1846 c:
752 1799 913 1853 τόποις
951 1804 1055 1846 Aet.
1089 1803 1208 1857 (loca
1241 1800 1789 1855 Cae1.3,178).2
1822 1802 1924 1845 δια-

234 1861 388 1910 νοίαςε
436 1861 526 1905 huc
563 1874 712 1917 usque
744 1874 800 1905 ex
842 1860 938 1906 Sor.
971 1860 1133 1905 eadem
1167 1859 1350 1932 Aetius,
1385 1860 1478 1930 qui
1515 1874 1570 1903 ex
1609 1858 1762 1904 alieno
1793 1858 1923 1904 fonte

233 1920 389 1975 pergit
411 1933 555 1975 usque
580 1920 640 1963 ad
662 1920 822 1964 finem·
857 1936 974 1977 μετα
1000 1913 1310 1976 domigenas*
1282 1937 1311 1975 η
1337 1915 1514 1974 δήξεως
1537 1915 1747 1975 αλμυροῦ
1772 1934 1923 1975 χυμου

236 1981 371 2033 (quae
402 1978 529 2022 Aetii
568 1981 677 2022 sunt
706 1992 734 2021 a
764 1977 945 2024 Dietzio
978 1978 1141 2023 addita.
1171 1993 1216 2049 p.
1252 1983 1355 2033 282,
1377 1982 1424 2031 3,
1467 1991 1560 2022 non
1591 1979 1754 2022 extant
1783 1977 1832 2021 in
1865 1979 1920 2033 c).

235 2034 472 2093 φλεγμονὴ
508 2035 562 2082 δέ
603 2033 698 2081 ἐστι
737 2038 829 2081 τῶν
866 2038 975 2094 περὶ
1005 2035 1091 2093 τὴν
1123 2053 1302 2095 μητραν
1334 2033 1566 2082 τόπων..
1597 2073 1606 2082 .
1647 2049 1704 2080 ex
1736 2037 1924 2082 aucfiore

235 2096 436 2166 quodam
471 2095 591 2166 (fort.
618 2096 907 2151 Philumeno‚
933 2110 989 2140 ex
1021 2110 1110 2153 quo
1144 2110 1243 2153 cap.
1278 2097 1391 2152 seq.)
1426 2095 1506 2152 qni
1538 2095 1619 2139 ubi
1652 2095 1925 2153 comprobat

236 2171 293 2198 τα
328 2151 537 2210 ψυκτικὰ
569 2169 612 2212 p.
642 2160 838 2211 282,14,
874 2132 1048 2200 S'orano
1081 2154 1329 2200 manifeste
1361 2155 1643 2200 adversabar.
1693 2154 1750 2200 ef.
1783 2167 1925 2211 supra

237 2228 275 2257 c.
308 2219 333 2257 2
373 2215 421 2258 et
456 2212 580 2260 Cael.
613 2213 723 2258 Aur.
759 2229 828 2259 ox
862 2219 1037 2269 3,187.
1098 2212 1223 2259 Aetii
1255 2216 1411 2258 autem
1444 2215 1552 2258 sunt
1582 2211 1750 2258 ultima
1782 2213 1923 2258 verba

237 2272 318 2328 qui
350 2286 456 2344 cap.
485 2272 609 2317 Aetii
640 2287 735 2329 seq.
769 2289 816 2318 π.
851 2273 1115 2349 φλεγμονῆς
1155 2273 1220 2317 sic
1259 2272 1470 2317 indicant
1505 2268 1543 2329 ἡ
1568 2271 1621 2316 δὲ
1654 2268 1790 2328 λοιπὴ
1827 2267 1922 2316 ἐπι-

237 2330 399 2388 μέλεια
432 2327 460 2387 ἡ
497 2328 575 2376 ἐπὶ
604 2332 688 2389 τῆς
719 2333 989 2390 φλεγμονῆς
1020 2329 1322 2390 ρηθησομένη
1357 2329 1506 2377 ἔστω.
1555 2332 1719 2376 contra
1749 2331 1816 2375 sic
1845 2343 1925 2375 ve-

237 2392 313 2434 tus
346 2390 575 2447 interpres
606 2391 689 2438 lat
722 2405 881 2436 curam
912 2396 1062 2437 autem
1093 2393 1277 2436 eandem
1309 2391 1571 2436 adhibemus
1601 2403 1738 2447 quam
1759 2391 1813 2434 in
1834 2390 1922 2444 fer-

235 2462 338 2493 vore
376 2451 583 2494 matricis
621 2451 937 2495 ordinavimus
977 2451 1023 2507 (i.
1058 2465 1096 2495 e.
1128 2450 1196 2506 H,
1223 2451 1281 2506 2).
1345 2451 1550 2494 ceterum
1590 2449 1647 2493 de
1687 2447 1923 2493 curabione

236 2507 348 2552 mul.
382 2523 424 2553 v.
459 2507 582 2552 Cael.
618 2508 752 2565 (Sor.)
787 2523 858 2555 ox.
892 2514 1074 2566 3‚185‚
1106 2509 1188 2553 ubi
1218 2510 1445 2553 memorat
1475 2508 1687 2576 pessqria
1724 2509 1778 2552 de
1822 2508 1925 2564 qui-

238 2567 322 2611 bus
366 2566 508 2611 latius
547 2568 599 2611 i‘n
639 2569 771 2613 libris
800 2581 911 2625 quos
941 2581 1095 2613 sumus
1126 2569 1181 2613 de
1210 2568 1475 2612 mulieribus
1503 2567 1725 2637 scripturi
1754 2566 1924 2611 docebi-

237 2625 334 2669 ὃτι-9.
490 2630 515 2669 7
549 2622 608 2680 δὴ
641 2626 700 2670 E:
735 2624 787 2671 δε
821 2641 859 2672 c.
981 2631 1006 2671 9
1041 2626 1268 2671 διοῖπνιαν
1295 2627 1427 2682 (corr.
1451 2625 1510 2682 D)
1536 2623 1643 2682 περὶ
1674 2622 1761 2681 τὴν
1791 2621 1926 2669 ὑστέ-

237 2700 326 2738 ραν
360 2697 385 2728 c
420 2685 551 2740 (corr.
584 2685 654 2740 E).
809 2683 1054 2730 διάθεσινε
1105 2698 1199 2740 seq.
1232 2685 1431 2729 Aetiana
1461 2685 1536 2740 (ex
1566 2682 1843 2741 Archigene)
1876 2699 1922 2740 p.

235 2747 338 2799 247,
350 2747 472 2787 17-
484 2747 584 2798 249,
605 2747 630 2787 2
665 2744 877 2799 (quorum
909 2744 1051 2788 etiam
1083 2744 1337 2800 epitomam
1368 2743 1486 2800 legis
1523 2757 1577 2788 ex
1613 2743 1706 2788 alio
1741 2747 1923 2788 auctore
1979 2768 1983 2774 ι

238 2801 451 2847 Oribasio
483 2803 574 2848 vet
607 2802 755 2847 latino
787 2802 1011 2847 insertam
1042 2802 1119 2857 VI,
1146 2807 1232 2847 360
1257 2803 1391 2858 sqq..)
1575 2806 1629 2847 16
1670 2797 1864 2860 τριμμὸς
1895 2815 1922 2846 ο

238 2862 371 2916 (corr.
403 2859 478 2917 D).
601 2858 880 2920 σπασμώδης
911 2859 1112 2919 συνολκή
1144 2878 1193 2907 τε
1227 2875 1250 2907 ο
1285 2863 1417 2918 (corr.
1435 2859 1507 2918 E)
