2014 3162
744 131 1100 184 „51-

85 271 236 320 coctis
277 268 696 333 cataplasmamuS‚
737 274 786 316 et
818 273 1112 316 occurrente
1146 269 1290 316 tertia
1320 268 1396 316 die
1422 268 1528 317 oleo
1555 269 1763 334 simplici

77 348 317 409 peruncta
357 348 407 390 et
445 356 570 405 aqua
608 341 762 390 calida
796 341 1059 391 fomentata
1099 341 1221 390 facie
1272 340 1435 390 cibum
1470 342 1678 392 calidum
1714 349 1762 392 et

76 415 348 481 simplicem
389 415 574 464 damuS.

189 483 326 556 (11.)
359 504 471 538 cum
503 503 620 537 vero
651 489 931 553 praedictae
964 487 1211 553 querellae
1244 490 1491 537 creverint
1522 489 1760 554 dolorque

78 563 227 613 fuerit
265 562 523 629 plurimus,
568 562 784 612 secunda
822 562 899 612 vel
940 565 1083 612 tertia
1117 563 1194 611 die
1226 561 1598 611 flebotomamus
1640 579 1761 631 earn,
1785 574 1805 606 5

78 643 127 687 et
172 652 283 686 cum
335 652 387 686 se
438 635 616 687 mulier
662 643 774 700 post
812 636 1140 686 flebotomiam
1182 638 1522 701 conposuerit,
1578 636 1634 685 ad
1678 652 1759 686 en-

76 710 312 760 cathisma
360 726 467 759 eam
514 718 741 760 tenemus
797 710 926 775 quod
980 711 1241 759 conficitur
1281 726 1339 759 ex
1392 710 1499 758 oleo
1541 710 1670 760 dulci
1712 719 1761 761 et

75 799 199 849 aqua
248 784 400 833 calida
448 792 531 834 aut
572 799 627 833 ex
682 785 816 833 sucis
857 786 1058 833 seminis
1098 784 1184 832 lini
1225 784 1354 833 faeni
1393 786 1557 848 graeci
1597 792 1646 834 et
1685 799 1759 833 ra-

76 858 239 908 dicum
287 857 465 924 bobae,
519 860 585 907 ita
646 865 700 906 ut
746 873 857 907 cum
904 858 1004 908 illic
1050 857 1291 907 insederit
1338 859 1470 906 sucis
1517 859 1638 923 ipsis
1685 861 1757 908 in-

74 934 283 982 teriores
329 938 495 997 partes
546 932 797 981 fomentet.
890 939 940 982 et
990 947 1101 982 cum
1143 931 1445 981 encathisma
1484 931 1758 1000 digesserit,
1786 944 1826 976 10

73 1013 315 1072 peruncta
356 1012 406 1055 et
443 1006 708 1055 fomentata
749 1007 871 1055 facie
905 1006 1070 1056 cibum
1103 1006 1375 1071 simplicem
1409 1007 1630 1072 accipiat,
1665 1006 1760 1055 hoc

74 1087 150 1130 est
188 1095 275 1129 ova
315 1079 513 1129 sorbilia
549 1095 726 1144 panem
759 1095 819 1128 ex
851 1095 976 1145 aqua
1009 1086 1059 1129 et
1089 1079 1252 1145 pultes
1284 1079 1470 1146 molles,
1511 1087 1561 1129 et
1585 1095 1758 1145 aquam

73 1153 274 1203 calidam
322 1153 477 1219 hibat,
533 1160 582 1202 et
627 1162 741 1219 post
787 1155 1108 1204 refectionem
1157 1154 1380 1203 dormiat.
1458 1162 1508 1203 et
1551 1169 1609 1202 ex
1650 1156 1757 1219 ipso

72 1227 150 1277 die
193 1243 351 1293 usque
402 1227 460 1276 ad
501 1227 876 1277 declinationem
916 1228 1198 1277 valitudinis
1239 1227 1418 1277 cotidie
1467 1236 1670 1277 curetur
1710 1235 1759 1277 et

72 1302 114 1350 si
159 1303 291 1351 vires
339 1303 446 1351 eius
493 1303 812 1367 permiserint
860 1302 937 1351 die
989 1305 1120 1351 inter
1160 1302 1289 1351 diem
1330 1301 1494 1350 cibum
1536 1303 1755 1366 accipiat.
1783 1313 1825 1345 15

70 1378 215 1425 tertia
256 1391 372 1424 vero
412 1375 491 1424 die
531 1383 644 1440 post
682 1375 1013 1425 flebotomiam
1052 1375 1353 1440 subiungere
1395 1377 1540 1424 etiam
1582 1391 1757 1425 cucur-

70 1448 196 1498 bitas
243 1448 503 1515 debemuS‚
559 1451 611 1497 in
663 1451 946 1498 accessione
1002 1449 1200 1514 quidem
1260 1448 1445 1498 doloris
1499 1449 1653 1515 leveS‚
1706 1451 1757 1498 in

72 1530 201 1572 statu
243 1529 406 1572 autem
447 1522 727 1572 valitudinis
766 1525 818 1572 in
856 1525 1148 1572 remissione
1190 1538 1302 1572 curn
1341 1523 1652 1572 scarifatione
1686 1525 1757 1571 eis

70 1597 372 1663 supplemUS,
419 1611 568 1661 supra
607 1599 853 1660 pectinem
896 1597 1085 1646 scilicet
1124 1603 1173 1646 et
1210 1596 1528 1661 praecordiis.
1590 1612 1755 1661 perse-

67 1674 267 1719 verant‘e
323 1676 486 1719 autem
539 1670 698 1719 adhuc
753 1670 1018 1720 valitudine
1066 1670 1251 1720 eisdem
1298 1670 1420 1719 locis
1461 1672 1607 1719 etiam
1647 1686 1754 1720 san·
1780 1683 1823 1715 20

67 1745 297 1808 guisugas
344 1742 470 1793 bene
510 1746 806 1809 inponimus,
885 1744 1015 1809 quod
1057 1746 1098 1793 si
1135 1759 1311 1809 parum
1352 1746 1638 1808 sanguinem
1680 1752 1754 1794 tu·

66 1815 236 1883 lerint‚
291 1816 574 1867 cucurbitas
621 1818 720 1868 illic
765 1820 998 1884 ponimus
1172 1826 1222 1868 et
1269 1819 1340 1867 sic
1391 1818 1591 1868 modum
1646 1833 1753 1867 san-

184 1934 209 1974 2
241 1932 466 1986 peruncta
498 1933 566 1976 et.
586 1931 906 1976 ..fomentata
939 1930 1077 1987 (facie
1110 1932 1215 1976 add.
1249 1932 1294 1988 h)
1328 1932 1392 1975 bl.
1517 1924 1674 1975 cib'um
1707 1932 1753 1976 b:

63 1991 172 2046 post
203 1989 291 2034 hoc
325 1990 480 2034 cibum
513 1991 541 2034 Ζ.
662 1995 690 2034 4
723 1990 953 2035 creverint
984 1991 1057 2035 lh:
1091 1993 1167 2035 dre
1192 1990 1405 2035 venerint
1429 1993 1469 2035 b.
1592 1996 1617 2034 5
1651 1991 1754 2047 plu-

39 2047 230 2092 ssrimus:
261 2049 368 2105 plus
401 2050 426 2093 b
461 2049 677 2105 (amplius
709 2051 752 2105 l,
784 2052 945 2094 vastus
977 2050 1038 2106 h).
1181 2049 1503 2094 fleotomamus
1537 2051 1562 2094 b
1596 2051 1752 2106 (fievo-

63 2107 332 2152 thomamus
363 2108 431 2165 h):
463 2108 787 2153 flevotomabis
820 2110 847 2153 Z.
972 2114 998 2153 6
1030 2109 1268 2153 fleotomia,
1299 2110 1341 2154 b.
1467 2114 1491 2153 7
1525 2110 1668 2154 confi&
1703 2109 1750 2153 b.

33 2176 35 2178 ·
65 2168 248 2212 constat.
278 2168 342 2213 lh.
467 2168 514 2212 eb
546 2168 625 2225 (aq
626 2169 703 2224 ua)
737 2169 810 2212 lh.
843 2169 926 2212 aut
957 2169 996 2212 b.
1119 2173 1146 2212 8
1178 2167 1416 2225 fenogreci
1449 2170 1570 2225 (item
1601 2169 1751 2224 infra)

65 2225 104 2271 b
283 2226 489 2271 radicem
519 2226 640 2270 bobe
673 2228 721 2282 b,
770 2227 926 2271 radice
955 2228 960 2284 Ι
987 2225 1153 2287 <alte>
1183 2226 1337 2286 bobbe
1371 2229 1386 2271 Ζ
1419 2227 1646 2284 (radicum
1675 2231 1752 2282 1}

62 2283 225 2330 blere?
256 2285 300 2341 h,
332 2287 414 2330 ubi
444 2301 479 2331 r.
505 2285 659 2331 hletae
693 2287 827 2341 Wolf
842 2301 892 2342 p.
911 2290 988 2339 89,
1023 2302 1058 2332 r.
1092 2287 1271 2331 bebbae
1307 2288 1429 2342 ΡαΖ.,
1462 2303 1496 2331 r.
1525 2287 1747 2332 bei-bene!

67 2341 229 2412 Cant..)
356 2349 410 2389 10
442 2343 674 2389 fomentet
705 2347 773 2390 et.
805 2345 955 2390 fomet
986 2347 1035 2390 et
1064 2347 1106 2401 h,
1140 2347 1324 2389 sument,
1349 2348 1396 2390 et
1415 2321 1446 2390 b
1481 2346 1749 2403 (resument.

65 2401 204 2448 etiam
235 2407 313 2449 etc.
348 2405 395 2461 Ζ).
529 2408 582 2447 13
614 2403 718 2461 ipso
751 2405 823 2449 bl:
855 2404 960 2461 ipsa
990 2405 1031 2450 h.
1158 2409 1212 2448 14
1244 2419 1391 2461 usque
1425 2406 1498 2450 lh:
1533 2419 1613 2450 om.
1650 2407 1689 2452 b.

63 2466 257 2508 curetur.
292 2464 340 2506 et
370 2462 408 2506 si
439 2463 467 2506 Ζι
499 2464 716 2519 (curetur.
750 2465 788 2508 si
820 2464 875 2520 Z):
909 2465 1098 2508 curatur
1131 2462 1220 2507 sibi
1246 2463 1285 2507 si
1310 2466 1334 2508 b
1361 2465 1554 2520 (λεπτῶς
1578 2460 1750 2508 ἀκτέον

63 2521 144 2564 καὶ
175 2521 274 2567 Sor.
300 2536 351 2578 p.
377 2526 487 2575 204,
516 2524 605 2578 10).
763 2527 815 2567 15
849 2523 924 2567 die
956 2522 1153 2567 intercia
1187 2523 1261 2567 die
1295 2524 1395 2580 (sic)
1429 2524 1476 2578 b,
1521 2523 1596 2568 die
1627 2523 1751 2568 inter

65 2570 139 2624 iiie
170 2581 234 2626 lh.
376 2586 427 2625 17
462 2581 734 2626 accensione
768 2583 806 2627 b.
940 2586 994 2626 18
1028 2581 1071 2626 ei
1103 2582 1372 2638 supplemus
1406 2583 1453 2627 Ζ).
1489 2597 1566 2627 eas
1598 2583 1747 2639 appli-

65 2692 219 2726 camus
250 2684 300 2740 h,
348 2697 426 2729 eas
448 2651 749 2741 affiplicamus
783 2686 811 2730 Ζ.
944 2689 998 2729 19
1030 2684 1286 2742 precordiis
1322 2686 1423 2742 (sic)
1457 2686 1559 2730 blh.
1690 2690 1746 2728 20

65 2753 371 2797 sanguesucas
412 2744 533 2799 (item
564 2744 695 2798 infra
728 2745 1138 2802 sanguesucarum)
1172 2745 1210 2790 b
1356 2749 1409 2788 21
1447 2759 1611 2801 parum
1643 2757 1744 2787 san-

62 2799 202 2856 guine
235 2801 280 2845 b:
314 2806 460 2858 parvfi
495 2803 719 2859 sanguine
754 2804 781 2858 Ζ,
814 2818 978 2860 parum
1013 2802 1251 2859 sanguinis
1275 2804 1318 2847 h.
1426 2809 1480 2847 22
1515 2803 1742 2860 ponimus.

0 2883 1 2931 ἶ
61 2861 108 2903 et
141 2858 207 2902 sie
238 2860 336 2905 sine
367 2862 451 2905 lac.
485 2862 600 2916 blh,
632 2862 794 2906 deinde
825 2863 1039 2919 sedamus
1072 2863 1142 2908 bl.
1177 2862 1447 2918 supplemus
1479 2863 1546 2906 h..

1416 2935 1478 2978 4*
