2014 3162
736 129 1103 183 ..35—

77 267 251 316 stetrix
290 272 347 314 ut
385 280 499 314 cum
538 265 597 314 ad
628 280 804 315 manus
835 267 1134 332 pervenerit,
1173 272 1339 315 teneat
1369 267 1474 315 illas
1501 274 1551 316 et
1582 269 1652 317 sic
1682 268 1761 316 ad-

77 341 224 390 ducat
262 354 391 388 eum.

736 407 808 464 (11.
841 406 1101 463 PARTVS)

189 528 271 580 14.
312 529 366 579 Si
403 532 456 579 in
495 530 724 580 divexum
762 532 903 597 iacet,
942 530 1062 596 quid
1101 531 1382 580 faciendum
1421 528 1534 580 est?

183 606 388 654 inmissa
434 620 582 654 manu
638 604 878 654 obstetrix
908 619 1040 680 [eum
1095 612 1362 672 conponat,
1415 612 1464 654 et
1520 606 1562 654 si
1617 613 1764 670 caput

71 679 353 744 proximum
391 679 593 744 invenit,
646 680 812 743 ipsum
849 686 1037 744 teneat,
1086 681 1127 728 si
1165 679 1318 744 pedes
1356 680 1536 746 ipsiuS,
1596 686 1644 729 et
1683 679 1762 728 ad·
1789 689 1810 722 5

69 751 258 815 ducat]

727 819 823 876 (111.
856 819 1116 876 PARTVS)

188 940 270 994 15.
348 942 588 1001 Quotiens
644 958 843 993 manum
897 945 1073 1009 mittit,
1128 943 1370 994 obstetrix
1425 946 1543 1010 quid
1601 947 1764 996 facere

73 1014 256 1068 debet?

183 1091 524 1156 principaliter
562 1091 764 1141 iubetur
803 1098 860 1142 ut
890 1107 1162 1157 numquam
1194 1108 1307 1142 eum
1333 1092 1575 1142 obstetrix
1600 1100 1766 1143 teneat

72 1172 122 1216 et
175 1172 384 1215 conetur
437 1164 697 1215 adducere.
783 1165 895 1230 plus
950 1167 1082 1216 enim
1135 1166 1373 1216 reclinato
1420 1169 1555 1216 intus
1605 1169 1764 1232 capite
1791 1177 1833 1209 10

71 1239 314 1288 orificium
354 1241 574 1289 matricis
607 1239 884 1289 obturatur.
946 1255 1062 1289 nam
1091 1242 1198 1306 ipso
1233 1248 1412 1290 conatu
1439 1242 1764 1291 exarticulare

70 1328 269 1362 manum
308 1314 509 1363 infantis
547 1315 733 1378 poterit
772 1321 822 1363 et
858 1315 1101 1380 amittere,
1140 1321 1197 1364 ut
1237 1329 1351 1364 cum
1391 1314 1450 1364 de
1483 1321 1627 1364 utero
1657 1330 1765 1364 eva-

71 1389 207 1453 serit,
232 1386 375 1451 culpa
400 1386 683 1437 obstetricis
715 1389 923 1437 vitiosus
949 1388 1206 1439 efficiatur.
1256 1388 1433 1438 melius
1466 1404 1583 1453 ergo
1615 1389 1762 1438 faciet

72 1462 114 1510 si
158 1461 368 1510 humero
415 1462 523 1510 eius
569 1461 733 1510 infixis
783 1461 948 1526 digitis
997 1476 1111 1511 eum
1157 1469 1436 1512 retrorsum
1475 1469 1676 1512 revocet
1716 1469 1765 1511 et

69 1536 199 1584 intra
239 1536 559 1599 capacitatem
610 1534 779 1584 vulvae
827 1538 1046 1600 positum
1091 1538 1160 1585 ita
1206 1543 1453 1601 conponat
1491 1543 1549 1585 ut
1588 1551 1763 1586 manus
1792 1546 1832 1579 15

71 1610 179 1670 eius
219 1616 410 1658 erectas
457 1608 695 1658 lateribus
741 1611 899 1673 ipsius
948 1611 1119 1675 iungat
1164 1616 1214 1660 et
1253 1610 1563 1676 adprehenso
1605 1612 1763 1675 capite

70 1683 122 1730 in
162 1681 283 1731 foris
323 1681 520 1731 trahere
562 1683 730 1732 conari
768 1684 983 1748 incipiat.

714 1809 830 1864 (ΠΗ.
864 1811 1125 1867 PARTvs)

186 1931 268 1984 16.
310 1933 363 1982 Si
403 1933 569 1983 ambas
608 1949 784 1983 manus
825 1937 932 1984 eius
972 1935 1103 1984 foras
1142 1937 1402 2001 invenerit,
1443 1934 1561 1999 quid
1601 1936 1764 1986 facere

71 2004 257 2057 debet?

182 2080 375 2131 duobus
414 2081 636 2131 humeris
671 2084 777 2131 eius
809 2098 1011 2132 manum
1044 2099 1182 2133 suam
1216 2098 1275 2132 ex
1303 2089 1516 2148 utraque
1540 2083 1764 2150 insigem,
1789 2094 1833 2126 20

187 2213 214 2254 5
246 2209 484 2266 proximus
515 2210 557 2254 h.
682 2215 706 2254 ’Ζ
748 2210 924 2255 emittit
953 2212 982 2254 h
1013 2210 1084 2266 (Si
1115 2212 1277 2255 autem
1311 2214 1452 2254 manfi
1482 2210 1595 2255 foris
1626 2210 1762 2255 mise-

68 2265 134 2312 rit
166 2268 212 2324 Ζ).
337 2268 540 2314 obsetrix
570 2269 643 2314 bl:
675 2282 758 2314 om.
784 2271 828 2313 h.
949 2270 1063 2326 quid
1092 2269 1194 2314 fieri
1228 2269 1456 2314 debeatur
1488 2271 1516 2325 Ζ,
1550 2269 1662 2325 quid
1695 2270 1765 2314 est,

66 2325 333 2372 faciendum
346 2329 386 2372 h.
471 2333 527 2372 10
559 2330 753 2373 conetur
782 2329 1012 2374 adducere
1046 2330 1082 2373 Z:
1117 2331 1313 2374 conetur
1345 2329 1462 2385 (sol.)
1487 2330 1526 2383 b,
1560 2329 1764 2373 adducat

63 2385 110 2430 h.
235 2391 288 2430 11
318 2387 578 2451 ‘obduratur
610 2389 649 2433 b.
771 2387 998 2443 exarffioffi
1021 2389 1168 2443 h)lare
1201 2389 1287 2432 bh:
1324 2400 1617 2432 exarmorare
1650 2390 1678 2432 Ζ.

70 2449 126 2490 1-2
159 2447 209 2490 et
238 2445 452 2490 amittere
483 2447 532 2490 h:
568 2446 818 2491 admittere
850 2449 889 2503 b,
923 2447 1140 2492 amittere
1175 2448 1191 2490 Ζ
1222 2450 1426 2503 (uterque
1457 2461 1540 2491 om.
1575 2448 1654 2502 et).

60 2508 125 2548 ³13
156 2504 325 2549 Melius
359 2518 468 2562 ergo
501 2505 614 2550 facit
646 2508 694 2550 et
724 2507 810 2550 bh:
842 2506 1059 2551 Iubemus
1091 2508 1120 2551 Ζ.
1276 2510 1333 2550 14
1364 2505 1558 2550 humero
1590 2507 1641 2550 h:
1674 2506 1760 2549 hu-

67 2576 196 2608 more
228 2564 276 2618 b,
315 2563 366 2608 in
395 2565 529 2609 ubero
551 2566 592 2621 Ζ.
724 2569 780 2609 15
811 2565 936 2610 intra.
959 2591 1015 2598 -
1039 2564 1109 2610 ita
1141 2579 1225 2610 om.
1260 2566 1290 2610 Z.
1411 2567 1466 2608 ut
1494 2566 1544 2609 h:
1576 2578 1658 2609 om.
1693 2565 1756 2608 bl.

156 2623 372 2668 manibus
404 2637 441 2668 e.
477 2623 644 2668 erectis
676 2625 724 2680 b,
771 2638 936 2669 manus
968 2638 1005 2671 e.
1041 2624 1210 2670 erectis
1242 2625 1270 2668 Ζ.
1457 2628 1511 2668 16
1542 2622 1690 2680 ipsius
1723 2625 1758 2667 Z:

63 2679 444 2800 ἐξῗὲοέεζᾞὶοξι·
539 2682 1429 2788 ¹{AEe1fffl5-Z’mf02i255d13332-”3lame
1459 2682 1760 2785 ⁶3³2'·fg21{⁸5{²

68 2797 225 2843 facere
256 2800 427 2845 debeat
459 2801 485 2845 b
519 2803 578 2857 (et
607 2802 713 2846 add.
748 2802 969 2859 obsetrix)
1003 2778 1031 2846 Ζ
1177 2806 1233 2846 20
1266 2816 1322 2846 ex
1352 2803 1551 2856 utraque
1584 2801 1670 2843 bh:
1704 2774 1760 2842 ex

69 2858 268 2914 utraque
297 2862 432 2914 parte
464 2860 493 2903 Ζ.
