2014 3162
800 202 1201 254 —414-

165 379 218 418 ιη
284 363 366 413 Τίς
396 358 424 418 ἡ
460 357 554 406 ἀπὸ
591 362 750 418 κίσσης
782 360 941 418 μέχρις
972 356 1239 415 αποτέξεως
1271 358 1515 420 ἐπιμέλεια
1552 335 1762 450 {Sor.a{,
1796 342 1852 382 16

163 453 225 495 ιθ
287 449 351 495 Εἰ
386 451 609 522 φθορίοις
640 448 722 494 καὶ
760 445 994 500 ἀτοκειόις
1032 446 1256 520 χρηστέον
1287 451 1369 495 καὶ
1406 453 1518 503 πῶς.

338 514 368 565 †
401 505 594 554 ἆτόκιον
630 506 684 553 δὲ
718 505 927 580 φθόριον
960 505 1289 580 διαφέρει.τὸ
1323 508 1410 566 μὲν
1434 508 1523 582 γὰρ

342 565 430 614 ούκ
465 564 520 613 ε’ὀι
553 564 782 623 γενέσθαι
814 564 1139 625 σύλληψιν.τὸ
1174 566 1228 613 δὲ
1255 570 1447 627 φθείρει
1471 571 1522 615 τὸ
1574 571 1672 617 Sor.
1715 572 1758 628 Ι,
1794 578 1847 617 19

341 624 614 684 συλληφθέν
670 662 1513 676 ...............
1540 572 1626 685 {A.
1651 608 1772 687 XVI,
1794 637 1849 676 17

160 703 189 731 κ
285 688 402 731 Τίνα
435 691 604 743 σημεῖα
635 686 889 743 μελλοῦσης
928 687 1148 742 γίνεσθαι
1181 688 1372 744 φθορᾶς
1405 688 1520 746 [exc.

340 748 392 790 A.
428 750 481 790 19
552 777 1513 793 .................
1587 747 1683 794 Sor.
1716 749 1737 791 Ι
1794 753 1848 793 18

160 821 228 849 κα
288 806 406 849 Τίνα
445 746 650 861 κύούσης
688 803 771 860 τῆς
808 801 1034 860 γυναικὸς
1073 801 1205 856 ἐντὸς
1235 805 1317 861 τῆς
1348 803 1524 863 μήτρας
1749 783 1760 804 ’

339 861 542 935 φύονται
553 898 1515 912 .................
1572 865 1626 908 Α.
1659 865 1789 922 XVI,
1821 871 1849 910 2

158 925 226 982 κβ
291 926 483 975 Γενεσις
513 923 699 992 χορείου
732 918 950 979 ὀμφαλοῦ
984 923 1064 967 καὶ
1095 921 1455 980 κοτυληδόνων.
1505 868 1670 980 ,ἔδοι
1715 926 1758 980 Ι,
1794 930 1845 969 17

286 981 405 1054 Περὶ
437 977 752 1027 κοτυλιδόνων
792 1017 1516 1030 .............
1585 983 1639 1028 Α.
1674 960 1796 1039 XVI,
1821 989 1849 1028 3

158 1043 226 1086 κδ
286 1039 416 1114 Πρὸς
461 1037 519 1086 τὰ
568 1037 795 1112 γινόμενα
842 1046 945 1092 ταῖς
991 1037 1218 1092 κυούσαις
1263 1035 1372 1099 περὶ
1411 1039 1522 1094 τούς

338 1097 491 1151 πόδας
522 1096 755 1157 οἰδήματα
788 1135 1514 1148 .............
1555 1102 1608 1145 Α.
1643 1100 1763 1157 XVI,
1792 1107 1843 1145 11

100 1165 128 1224 β
161 1172 226 1208 κς
278 1159 405 1231 Περὶ
436 1159 528 1204 τῶν
560 1160 735 1217 δίμηνα
767 1158 849 1203 καὶ
879 1160 1079 1230 τρίμηνα
1111 1160 1411 1216 φθειρουσῶν
1446 1196 1455 1206 .
1555 1161 1609 1205 A.
1643 1160 1763 1216 XVI,
1789 1166 1844 1204 21

99 1239 130 1267 α
158 1235 218 1266 κε
278 1213 433 1270 “Omne
471 1220 553 1263 δεῖ
585 1223 828 1274 συνεργεῖν
866 1219 922 1274 τῆ
961 1214 1173 1276 αποβολῆ
1205 1219 1289 1263 τοῦ
1322 1221 1518 1276 φθειρο-

337 1274 482 1336 μένου
516 1273 709 1337 ἐμβρίου
729 1312 1515 1324 ..............
1555 1279 1607 1324 A.
1642 1276 1764 1333 XVI,
1790 1282 1848 1322 20

157 1355 184 1382 κ
196 1340 220 1392 ζ
290 1339 408 1382 Τίνα
449 1342 620 1394 σημεῖα
650 1340 926 1406 προηγεῖται
965 1332 1217 1393 μελλούσης
1255 1332 1521 1391 αποτέξεως

339 1397 560 1453 γίνεσθαι
589 1400 686 1446 τοῖς
717 1393 986 1451 καταφύσιν
1021 1396 1153 1467 [exc.
1170 1395 1223 1441 A.
1261 1397 1395 1454 13].
1504 1432 1514 1443 .
1590 1395 1688 1442 Sor.
1721 1396 1764 1451 I,
1789 1401 1849 1440 20

156 1472 223 1512 κη
289 1459 409 1500 Τίνα
441 1456 520 1500 δεῖ
546 1459 798 1526 παραινεῖν
829 1459 931 1505 ταῖς
962 1451 1231 1525 καταφύσιν
1255 1451 1522 1507 τικτούσαις
1553 1455 1606 1499 Α.
1640 1454 1762 1509 XVI,
1790 1460 1845 1498 14

156 1517 232 1559 κθ
291 1512 408 1559 Τότε
441 1516 524 1559 δεῖ
545 1510 632 1585 τὴν
663 1511 873 1558 κύουσαν
907 1510 984 1557 ἐπὶ
1015 1511 1099 1558 τὸν
1130 1515 1303 1571 δίφρον
1334 1531 1470 1572 αγειν
1499 1551 1509 1561 .
1666 1514 1726 1558 al.

155 1577 180 1617 λ
289 1576 351 1618 Τί
380 1569 504 1618 ἔστιν
537 1569 649 1624 ωδίς
665 1607 1510 1620 ...............
1666 1574 1727 1618 al.

158 1635 224 1677 λα
286 1633 398 1684 Πῶς
427 1634 641 1689 γίνονται
673 1627 837 1684 ὥδίνες
847 1668 1509 1679 ............
1666 1633 1726 1677 al.

158 1694 224 1752 λβ
285 1692 394 1744 Πῶς
428 1693 508 1736 δεῖ
533 1687 802 1763 καταφύσιν
834 1691 1096 1763 μαιοῦσθαι
1144 1726 1511 1738 .......
1666 1691 1725 1736 al.

157 1755 219 1808 λγ
280 1747 416 1795 Κατὰ
448 1748 624 1801 πόσους
653 1747 857 1807 τρόπους
888 1749 1130 1807 φερόμενα
1161 1768 1218 1794 τα
1249 1748 1519 1808 καταφύσιν

157 1871 221 1914 λδ
281 1808 860 1939 Κοῗξοξιῗτόῖτόῑζοῖῖῐότσῗόυς
891 1845 1517 1926 τά-πόιραφύσινφερόμενα
1665 1809 1727 1858 al.

338 1923 633 1999 κομιζόμεθα
663 1963 1508 1974 ...............
1664 1928 1724 1972 al.

158 1992 213 2032 λε
283 1986 418 2032 Κατὰ
450 2002 627 2037 ποσους
658 1983 861 2042 τρόπους
892 1984 949 2031 τὰ
975 1983 1218 2089 κυοέύμενα
1242 1989 1521 2059 κομίζεσθαι
1663 1986 1723 2031 al.

156 2050 217 2094 λς
280 2047 392 2097 Πῶς
424 2042 751 2115 σημειούμεθα
783 2063 868 2096 τας
899 2045 1019 2119 μέγα
1053 2044 1257 2116 ἔμβριον
1275 2043 1521 2098 τικτούσας
1663 2046 1723 2090 al.

157 2109 180 2149 λ
192 2108 217 2159 ζ
275 2107 388 2156 Πῶς
421 2102 749 2176 σημειούμεθα
780 2102 865 2155 τὰς
895 2103 1068 2161 τέρατα
1098 2101 1447 2157 τικτούσας..
1497 2142 1506 2151 .
1662 2106 1722 2150 al.

156 2169 219 2221 λη
281 2165 392 2216 Πῶς
425 2161 751 2221 σημειούμεθα
783 2161 867 2215 τὰς
899 2166 1074 2235 δίδυμα
1106 2161 1447 2216 τικτούσας..
1498 2201 1508 2209 .
1663 2164 1723 2209 al.

155 2227 227 2268 λθ
281 2225 391 2275 Πῶς
416 2222 722 2295 διακρίνομεν
747 2219 1035 2293 στομαχικὴν
1060 2226 1403 2296 συνηληφυῑαν,
1433 2220 1516 2267 πό·

335 2298 471 2353 τερον
502 2279 622 2326 κατὰ
655 2278 738 2326 τὸν
769 2283 904 2333 κίσας
934 2277 1075 2352 λόγον
1106 2297 1298 2340 πασχει,
1331 2277 1360 2339 ἢ
1394 2279 1514 2327 κατὰ

333 2339 417 2387 τὸν
447 2341 762 2412 προκειμένου
792 2338 950 2398 λόγου,
980 2337 1141 2391 πάθος
1196 2377 1505 2387 ......
1662 2340 1721 2385 al.

157 2417 188 2458 μ
279 2402 389 2452 Πῶς
406 2397 745 2473 ,σημειούμεθα
780 2377 1145 2457 ἐφθαρμένην’
1117 2397 1211 2444 απὸ
1239 2395 1502 2458 ἐμμήνων”’
1483 2417 1513 2457 η

334 2476 400 2504 απ
454 2456 630 2516 ανδρός
655 2495 1503 2505 ...............
1661 2458 1719 2501 al.

156 2535 228 2576 μα
284 2520 396 2570 Πῶς
429 2516 676 2588 ἐλέγξομεν
707 2515 1133 2593 ἐπιτετηδευμένην
1165 2518 1436 2589 παρθενίαν
1492 2553 1502 2564 .
1659 2516 1719 2560 al.

157 2580 225 2636 μβ
276 2573 464 2622 Οποῖον
507 2574 653 2621 τόπον
699 2572 945 2622 ἐκλεκτέον
987 2577 1043 2633 τῆ
1088 2573 1389 2635 κυοφορούση
1433 2575 1514 2621 καὶ

334 2636 442 2681 τίνα
475 2637 556 2679 δεῖ
581 2632 830 2704 ἑνετοίμως
864 2634 990 2692 ἔχειν
1019 2669 1505 2682 .........
1660 2634 1720 2678 al.

155 2712 224 2753 μγ
290 2695 410 2740 Τίνα
443 2696 522 2740 δεῖ
546 2693 924 2765 παρασκευάζειν
955 2691 1073 2750 πρὸς
1103 2691 1191 2768 τὴν
1223 2690 1488 2749 αποκύησιν
1582 2693 1679 2739 Sor.
1713 2693 1753 2748 I,
1782 2698 1835 2736 22

155 2756 225 2812 μδ
287 2755 396 2806 Πῶς
428 2756 510 2798 δεῖ
531 2752 817 2810 προσφέρειν
849 2749 932 2803 τὰς
963 2753 1121 2810 χείρας
1152 2749 1230 2796 επὶ
1261 2754 1316 2809 τῆ
1342 2753 1510 2810 κομιδῆ

334 2814 416 2858 τοῦ
451 2809 641 2872 ε’μβρίου
663 2846 1504 2858 ...............
1559 2812 1619 2855 al.
1656 2811 1808 2868 (muss.)

206 2877 235 2927 †
285 2868 500 2917 ἔνταύθα
542 2869 666 2917 ἐστὶν
705 2867 819 2922 ανὸς
861 2866 1058 2915 ἑκάστου
1089 2867 1329 2947 σχήματος
1372 2868 1428 2916 τὰ
1464 2867 1515 2915 ἐν
1534 2872 1596 2904 hie
1613 2880 1681 2910 pro
1705 2870 1839 2910 figuris

255 2951 258 2954 ⁴
333 2932 387 2988 τῆ
421 2929 574 2989 μήτρα
607 2931 688 2987 τῆς
720 2926 1016 2981 διαπλάσεως
1048 2946 1139 2974 των
1174 2930 1376 2989 εμβρίων
1473 2929 1511 2988 1
1534 2914 1838 2993 massam:
