2014 3162
734 135 1127 187 —191—

207 272 292 319 28.
353 265 476 334 πρὸς
513 265 717 329 τούτους
757 266 810 318 δὲ
849 267 1039 319 λεκτέον
1079 266 1151 320 ’ὅτι
1188 266 1240 320 τὸ
1280 269 1612 338 προνοητικὴν
1650 269 1776 324 εἶναι

91 346 181 415 τὴν
218 345 371 413 φύσιν
412 346 782 414 διαπεφώνηται
820 349 902 399 καὶ
940 348 1214 415 βαρυτέραν
1245 349 1339 417 ἔχει
1369 355 1456 402 τοῦ
1486 356 1581 402 νῦν
1613 355 1775 418 ζητου·

94 429 244 494 μένου
275 425 365 494 τὴν
396 428 652 495 ἐπίκρισιν,
693 431 780 480 εἴτε
813 426 1018 480 δύναται
1047 435 1333 497 προνοοῦσα
1363 435 1461 482 τῶν
1491 429 1776 499 ἀνθρώπων

90 514 319 576 μετρῆσαι
355 506 441 571 τὰς
479 506 658 577 ὀρέξεις
697 508 831 571 ’ὅπως
870 507 936 576 μὴ
975 512 1179 562 πλείονα
1216 509 1402 577 λάβωσι
1439 509 1529 578 τὴν
1567 511 1776 580 τροφήν,

88 586 121 657 ἢ
159 593 375 641 κωλῦσαι
412 590 645 658 γενέσθαι
682 611 726 643 τι
756 589 1000 659 περισσόν.
1059 585 1122 658 ’ἧς
1158 589 1251 660 γὰρ
1282 594 1412 645 ἴδιον
1442 595 1778 660 κηδεμονικῶς
1801 613 1824 646 5

85 668 351 739 ἀποκρῖναι
402 669 456 723 τὸ
511 669 806 737 πλεονάσαν,
860 678 946 738 τῆς
996 669 1148 739 αὐτῆς
1196 673 1280 724 καὶ
1327 671 1380 726 τὸ
1431 679 1646 727 κωλῦσαι
1691 672 1778 727 τὸν

86 750 396 819 πλεονασμὸν
448 753 681 820 γενέσθαι
732 758 819 820 τῆς
873 751 1006 820 ὕλης.
1107 755 1151 804 εἰ
1203 753 1256 804 δὲ
1309 754 1391 804 καὶ
1442 759 1778 821 προνοητικῶς

86 833 314 900 ἐγέννησε
350 830 442 900 τὴν
477 831 746 900 κάθαρσιν,
786 831 846 886 οὐ
884 832 1010 901 πρὸς
1047 830 1234 901 ὑγιείας
1265 832 1468 901 τήρησιν
1500 832 1622 886 ἀλλὰ
1653 833 1776 902 πρὸς

85 917 407 967 παιδοποιίαν
452 912 718 981 ἐπενόησεν
756 912 925 982 αὐτήν.
1002 915 1151 966 ἔνθεν
1190 913 1300 967 οὔτε
1337 922 1441 977 ταῖς
1481 914 1626 982 μήπω
1668 922 1775 968 συλ-

85 992 356 1061 λαμβάνειν
388 995 707 1063 δυναμέναις,
740 992 848 1048 οἷον
879 992 945 1058 ὥς
975 997 1194 1062 νηπίαις,
1232 996 1438 1064 παρέσχε
1468 995 1559 1062 τὴν
1588 994 1775 1062 κάθαρ-
1799 1019 1844 1050 10

86 1092 165 1127 σιν
195 1074 306 1128 οὔτε
334 1082 442 1139 ταῖς
472 1076 658 1144 μηκέτι,
690 1075 918 1144 καθάπερ
948 1083 1053 1152 ταῖς
1083 1075 1363 1144 παρήλιξιν,
1402 1075 1523 1130 ἄλλα
1554 1082 1611 1147 τῇ
1642 1097 1777 1145 περι-

83 1161 252 1226 γραφῇ
288 1161 375 1224 τῆς
412 1160 574 1225 χρείας
613 1158 944 1226 συναπέσβεσε
973 1156 1027 1210 τὸ
1060 1159 1216 1227 ἔργον.
1280 1158 1575 1226 έπεχομένης
1605 1157 1660 1209 δὲ
1689 1164 1776 1225 τῆς

83 1236 374 1306 καθάρσεως
412 1236 622 1307 ὄχλεῐται
659 1237 712 1292 τὸ
753 1245 892 1307 σῶμα
933 1237 1015 1291 διὰ
1054 1237 1144 1306 τὴν
1177 1239 1452 1307 στέγνωσιν,
1492 1237 1581 1305 ὑφ’
1609 1233 1670 1306 ἧς
1700 1260 1775 1292 κε·-

82 1317 294 1372 κῶλυται
332 1320 577 1389 φέρεσθαι
613 1319 665 1374 τὸ
707 1323 939 1388 ἔμμηνον.
996 1318 1073 1373 διὸ
1113 1321 1196 1372 καὶ
1233 1318 1265 1387 ἡ
1305 1318 1436 1388 φορὰ
1468 1326 1554 1387 τῆς
1585 1318 1775 1389 καθάρ-

83 1416 205 1463 σεως
250 1398 533 1468 ἀλυσιτελὴς
580 1402 748 1464 ἔδοξεν
795 1400 887 1455 οὐκ
934 1399 1337 1463 ἆνασκευάζουσα
1381 1400 1473 1469 τὴν
1512 1401 1773 1469 στέγνωσιν
1798 1422 1843 1455 15

84 1477 118 1550 ἦ
157 1505 200 1534 τι
238 1488 335 1535 τῶν
373 1480 745 1550 συμπτωμάτων
783 1481 952 1550 αὐτῆς,
991 1483 1232 1550 λυομένης
1271 1482 1324 1534 δὲ
1354 1488 1439 1550 τῆς
1471 1480 1772 1551 στεγνώσεως

83 1563 441 1631 ἐπιφαινομένη
495 1561 724 1630 καθάπερ
777 1563 860 1615 καὶ
910 1561 944 1630 ἡ
997 1563 1096 1615 τῶν
1151 1562 1411 1631 σκυβάλων
1463 1565 1547 1615 καὶ
1596 1561 1628 1630 ἡ
1675 1569 1772 1615 τῶν

81 1643 303 1711 ἱδρώτων
352 1642 620 1711 ἀπόκρισις.
699 1645 779 1697 ἐπὶ
827 1641 955 1697 πολὺ
1007 1643 1060 1695 δὲ
1112 1645 1335 1711 διαφέρει
1380 1642 1534 1706 νόσος
1571 1641 1770 1713 ὑγιείας.

84 1723 243 1778 οὐκέτι
280 1729 451 1779 τοίνυν
492 1723 545 1778 τὸ
578 1723 827 1792 ὠφέλιμον
858 1728 926 1788 εἰς
955 1722 1008 1778 τὸ
1043 1723 1375 1777 ἆνασκευάσαι
1405 1723 1589 1791 πάθος,
1629 1730 1770 1778 τοῦτο

82 1807 165 1858 καὶ
202 1809 272 1869 εἰς
308 1804 361 1859 τὸ
399 1811 604 1875 τηρῆσαι
642 1805 734 1874 τὴν
781 1804 970 1876 ὑγίειαν
1009 1805 1286 1874 εὔχρηστον.
1362 1803 1394 1872 ἡ
1434 1811 1559 1873 γοῦν
1598 1809 1771 1873 φλεβο-
1795 1827 1842 1860 20

81 1891 223 1954 τομία
261 1885 449 1940 λύουσα
486 1885 577 1955 τὴν
617 1888 879 1957 στέγνωσιν
918 1886 978 1941 οὗ
1016 1894 1156 1955 τηρεῖ
1186 1886 1277 1954 τὴν
1315 1884 1519 1956 ὑγίειαν.

196 1967 300 2021 ἀλλ’
330 1967 449 2022 οὐδὲ
486 1967 610 2037 πρὸς
647 1973 970 2022 παιδοποιίαν
1012 1966 1220 2035 ὠφελεῖν
1257 1966 1348 2036 τὴν
1377 1967 1624 2036 κάθαρσιν
1654 1965 1773 2020 ὑπο-

88 2049 420 2118 λαμβάνοντές
458 2067 615 2117 φασιν
654 2048 727 2104 ὅτι
762 2056 848 2117 τῆς
885 2047 1088 2117 ’ὑστέρας
1129 2050 1422 2117 ἕλκουμένης
1458 2047 1490 2117 ἡ
1529 2047 1772 2116 κάθαρσις

81 2134 310 2200 γίγνεται,
347 2137 484 2184 πᾶσα
524 2132 578 2184 δὲ
619 2132 818 2194 ἕλκωσις
855 2129 988 2197 παρὰ
1028 2128 1198 2197 φύσιν,
1239 2129 1387 2183 οὐδὲν
1426 2131 1480 2183 δὲ
1511 2136 1608 2183 τῶν
1639 2127 1770 2196 παρὰ

85 2210 239 2279 φύσιν
270 2211 568 2266 ἆποδοτικὸν
600 2218 687 2265 τοῦ
717 2210 838 2264 κατὰ
869 2210 1041 2278 φύσιν,
1075 2209 1192 2264 ὥστε
1224 2210 1342 2264 οὐδὲ
1372 2210 1494 2279 πρὸς
1526 2209 1770 2276 σύλληψίν
1793 2231 1839 2264 25

82 2293 210 2346 ἔστιν
248 2292 522 2362 εὔχρηστος.
570 2292 732 2361 ἀμέλει
769 2293 894 2355 τινὲς
933 2292 1022 2360 μὲν
1060 2293 1110 2354 ἐξ
1150 2290 1268 2345 ’ὅλου
1308 2290 1368 2346 οὖ
1406 2291 1772 2359 κεκαθαρμέναι

83 2373 528 2443 συλλαμβάνουσιν,
569 2378 624 2428 αἱ
660 2375 714 2428 δὲ
752 2373 847 2442 πρὸ
887 2379 971 2442 τῆς
1009 2371 1301 2440 καθάρσεως
1341 2371 1771 2441 συλλαμβάνουσαι

83 2453 198 2522 μετὰ
234 2453 325 2524 τὴν
364 2454 609 2525 σύλληψιν
653 2454 1024 2523 έκαθάρθησαν.
1101 2456 1183 2507 καὶ
1223 2453 1424 2517 τούτους
1472 2453 1525 2506 δὲ
1572 2454 1769 2520 ἐπιμεμ-

82 2536 238 2589 πτέον.
291 2535 352 2589 οὗ
380 2535 474 2606 γὰρ
513 2538 808 2605 ἕλκουμένης
846 2542 931 2604 τῆς
970 2534 1151 2603 μήτρας
1189 2533 1220 2603 ἡ
1260 2534 1502 2604 κάθαρσις
1539 2537 1768 2603 γίγνεται,

82 2615 202 2669 κατὰ
234 2615 537 2685 διαπήδησιν
570 2618 623 2670 δὲ
653 2619 735 2670 καὶ
766 2621 1097 2687 περιίδρωσιν,
1136 2614 1196 2669 ὃν
1230 2614 1414 2684 τρόπον
1443 2615 1526 2667 καὶ
1556 2613 1614 2666 τὰ
1647 2608 1767 2667 οὖλα
1791 2635 1836 2668 3ο

203 2759 258 2798 13
291 2751 425 2812 ὀχλεῖ
449 2769 474 2799 c
506 2757 638 2813 (corr.
673 2755 734 2799 Ε2
764 2771 809 2812 p.
838 2756 925 2811 18).
1057 2759 1112 2798 22
1147 2749 1333 2808 ὠφελεῖ.
1367 2750 1415 2797 οε
1443 2749 1527 2807 τὴν
1560 2767 1600 2796 n.
1635 2765 1671 2794 e.

83 2815 140 2857 25
174 2810 224 2857 ἐν
257 2813 396 2868 μέρος
428 2814 623 2871 αἵματος
657 2816 783 2870 (ante
817 2809 951 2869 ὥστε)
984 2827 1007 2857 c
1041 2812 1150 2869 (del.
1183 2811 1243 2856 E2
1274 2827 1318 2868 p.
1346 2814 1430 2867 18).
1613 2813 1669 2852 26
1708 2803 1765 2851 οὗ

86 2883 174 2916 om.
209 2885 231 2914 c
265 2873 387 2927 (add.
423 2873 494 2929 E).
