2014 3162
758 146 1118 201 „35-

95 299 412 349 corrumpere
446 285 640 349 incipit,
688 282 866 332 deinde
912 283 1075 332 minus
1117 284 1360 332 nutritum
1402 299 1584 349 corpus
1623 286 1776 336 multo

96 361 257 409 minus
298 358 371 406 130
413 357 607 406 efficiet.

204 430 288 483 96.
332 430 587 490 Quomodo
629 431 843 496 agendae
884 436 1001 480 sunt
1037 429 1147 479 illae
1182 446 1306 495 quae
1339 431 1450 497 plus
1482 447 1508 480 a
1540 435 1669 482 iusto
1702 434 1775 483 130

92 504 311 558 habent?

208 581 497 631 fortioribus
530 582 777 631 exercitiis
811 588 860 630 et
891 580 1056 630 labore
1089 582 1162 629 uti
1188 579 1371 629 debent
1395 586 1449 629 ut
1481 579 1777 629 abundantia
1801 591 1822 624 5

93 656 233 706 lactis
272 658 536 705 minuatur.
614 658 657 705 si
703 671 819 705 vero
867 657 1081 720 spissum
1120 661 1194 703 est
1232 654 1393 720 valde,
1448 653 1613 702 cibum
1653 656 1776 703 acci-

91 731 228 796 piant
269 732 352 795 qui
392 730 640 780 modicum
679 732 872 779 nutrire
924 731 1102 794 possit,
1153 731 1220 778 ita
1259 736 1315 777 ut
1354 727 1521 776 aridus
1560 743 1660 776 non
1700 729 1777 777 sit.

92 819 267 870 aquam
309 806 456 853 etiam
497 803 667 853 bibant
707 811 756 852 et
797 803 1041 853 cotidiano
1082 802 1271 851 lavacro
1313 809 1532 851 utantur.

204 876 288 928 97.
322 878 485 936 Quare
525 893 666 927 acros
707 885 755 927 ct.
795 877 948 927 salsos
985 876 1120 926 cibos
1160 878 1382 926 nutrices
1414 877 1638 940 accipere
1677 891 1778 925 non

92 949 438 1018 permittitur?
1803 959 1846 992 ιο

204 1028 434 1091 quoniam
484 1033 534 1076 et
578 1032 774 1092 partum
821 1026 1075 1091 minuunt,
1127 1021 1240 1089 <si>
1295 1030 1346 1073 et
1391 1023 1464 1072 130
1513 1025 1778 1073 exercitius

91 1103 347 1150 minuetur
387 1108 437 1149 et
476 1106 838 1165 corrumpetur.

203 1172 289 1225 98.
329 1173 584 1231 Quomodo
627 1176 758 1222 enim
805 1172 1020 1238 agendae
1061 1180 1176 1221 sunt
1216 1187 1340 1236 quae
1375 1171 1448 1220 130
1490 1178 1780 1235 corruptum

90 1245 314 1298 habent?

203 1321 334 1370 honi·
383 1323 528 1371 etiam
593 1323 700 1371 suci
751 1321 887 1371 cibos
943 1321 1198 1384 accipiant.
1291 1319 1578 1384 praecordia
1634 1321 1779 1368 etiam
1806 1329 1849 1362 15

93 1410 265 1445 carum
303 1397 629 1460 inspiciantur
670 1410 730 1443 ne
771 1395 898 1444 forte
938 1409 1038 1442 non
1078 1394 1303 1458 digerant
1341 1392 1419 1442 vel
1447 1395 1551 1441 viro
1578 1400 1781 1442 utantur

91 1469 169 1518 vel
215 1471 442 1534 potiones
490 1468 675 1534 aliquas
734 1470 989 1533 accipiant.
1090 1482 1214 1532 quae
1270 1469 1433 1516 omnia
1490 1466 1778 1531 corrigenda

95 1549 212 1592 sunt
249 1549 307 1592 ut
345 1545 493 1592 etiam
532 1542 606 1592 130
646 1542 834 1591 honum
874 1556 983 1591 esse
1021 1543 1239 1606 incipiat.

205 1613 288 1666 99.
347 1616 602 1674 Quomodo
643 1615 961 1665 emendamus
1000 1614 1108 1663 illas
1148 1629 1274 1679 quae
1314 1614 1388 1663 130
1428 1622 1661 1678 aquatum
1700 1614 1782 1663 ha-

91 1686 248 1739 bent?
1806 1703 1848 1735 20

202 1765 363 1812 rarius
420 1763 619 1827 quidem
665 1762 890 1812 laventur
937 1770 986 1811 et
1039 1764 1208 1811 vinum
1262 1761 1433 1811 bibant
1478 1763 1783 1826 frequenter.

97 1838 244 1886 etiam
284 1836 421 1886 cibos
461 1838 703 1902 accipiant
741 1836 950 1886 multum
991 1835 1173 1885 solidos
1215 1843 1264 1885 et
1303 1838 1596 1900 nutrienteS‚
1637 1837 1784 1885 sicuti

95 1917 212 1960 sunt
248 1910 413 1976 pultes
454 1910 623 1976 durae,
663 1926 751 1959 ova
790 1925 907 1959 vero
948 1910 1073 1959 elixa
1111 1910 1188 1958 vel
1227 1911 1367 1976 frixa,
1406 1911 1608 1974 porcina
1636 1911 1782 1958 etiam

94 1983 170 2033 vel
211 1986 410 2049 caprina
451 2000 598 2033 carne
638 1990 858 2034 utantur.

206 2055 326 2107 100.
367 2057 606 2115 Quotiens
645 2060 697 2106 in
736 2057 815 2106 die
849 2057 1010 2106 infans
1049 2057 1285 2108 lavandus
1326 2065 1414 2108 est.
1806 2069 1898 2125 (34)

212 2221 234 2258 1
268 2213 465 2271 incipiet
496 2216 522 2260 l.
664 2219 690 2258 2
722 2215 796 2259 lac
830 2213 1006 2259 efficiat
1037 2215 1063 2258 b
1096 2214 1214 2268 (cale
1245 2214 1330 2259 fiat
1363 2215 1409 2271 l).
1557 2220 1583 2259 3
1616 2215 1719 2272 plus
1752 2230 1781 2260 a,

89 2272 210 2318 iusto
242 2274 259 2318 l
290 2274 410 2330 (plus
444 2287 584 2329 quam
616 2273 790 2318 debent
820 2274 887 2329 h):
921 2273 1027 2328 plus
1059 2273 1226 2318 adusto
1260 2275 1298 2318 b.
1407 2274 1480 2318 lac
1513 2274 1561 2318 b:
1594 2274 1718 2318 lacte
1750 2275 1779 2319 l.

210 2332 590 2379 5.habundantia
622 2334 690 2378 bl.
814 2338 839 2376 6
871 2330 1055 2376 minuat
1086 2333 1149 2377 bl.
1257 2333 1408 2378 cibus,
1429 2369 1438 2378 .
1459 2332 1660 2389 .possint
1691 2334 1718 2378 l.

90 2406 326 2463 accipiant
357 2407 392 2451 l:
425 2407 494 2450 -at
524 2407 562 2451 b.
712 2411 735 2450 7
769 2406 924 2450 aridas
954 2410 986 2448 ῑι
1019 2405 1042 2448 s
1069 2407 1094 2450 b
1135 2406 1275 2462 <aridi
1304 2421 1396 2451 non
1429 2406 1523 2450 sint
1555 2407 1600 2461 l).
1753 2411 1778 2450 8

89 2463 303 2510 bibant..
324 2468 505 2511 ,utatur
538 2467 603 2510 bl.
728 2471 753 2510 9
787 2479 925 2522 agros
959 2466 1012 2510 bl
1042 2467 1191 2522 (aeros
1225 2467 1290 2521 lc).
1414 2464 1608 2510 nutricis
1641 2467 1679 2510 b.

92 2528 149 2568 10
178 2523 414 2580 permittit
445 2525 508 2568 bl.
635 2530 686 2568 11
722 2524 760 2568 si
792 2525 969 2570 addidi.
1079 2524 1356 2568 exsercicius
1388 2524 1570 2569 minuet
1601 2526 1648 2568 et
1681 2539 1778 2569 cor-

89 2583 318 2639 ”umpitur
350 2584 390 2628 b.
514 2588 568 2627 13
601 2583 785 2641 agenda
816 2585 908 2629 eet.
928 2620 937 2629 .
958 2583 1154 2629 .habent
1184 2585 1210 2628 b
1244 2585 1362 2640 (-bet
1393 2585 1438 2639 l).
1550 2588 1604 2627 15
1636 2582 1776 2628 Bonis

43 2672 46 2673 γ
91 2641 232 2686 etiam
265 2643 384 2687 sucis
415 2641 465 2686 in
499 2641 602 2686 cibo
636 2644 700 2687 bl.
881 2647 933 2686 17
969 2656 1088 2698 quae
1121 2642 1277 2687 omnia
1310 2657 1370 2688 c.:
1403 2657 1486 2699 per
1517 2655 1631 2698 quas
1665 2657 1700 2686 0.
1735 2643 1775 2697 b,

89 2713 173 2756 per
203 2715 318 2757 quas
350 2701 505 2746 omnia
537 2715 573 2745 0.
608 2703 624 2746 l
655 2702 729 2758 (cf.
763 2701 865 2746 Sor.
898 2705 1005 2755 153,
1028 2704 1118 2757 13).
1260 2707 1315 2746 21
1349 2701 1511 2746 labent
1543 2702 1568 2746 b
1601 2701 1776 2756 (lavent

92 2758 138 2814 l).
266 2765 323 2804 22
356 2760 486 2804 cibus
505 2795 514 2806 .
535 2796 544 2806 .
564 2796 573 2806 .
592 2761 742 2805 multo
775 2759 951 2805 solidus
984 2762 1023 2804 b.
1154 2765 1209 2804 23
1243 2760 1430 2818 poi-tina,
1462 2759 1604 2804 etiam
1638 2773 1774 2804 carne

90 2818 251 2862 utatur
289 2821 336 2873 b,
391 2820 583 2876 porcina.
622 2819 767 2864 etiam
806 2818 882 2863 vel
922 2819 1115 2876 caprina
1153 2819 1364 2876 (porcina
1408 2820 1456 2864 et
1498 2818 1686 2875 caprina
1729 2818 1774 2873 h)

94 2879 312 2934 carne(m)
342 2879 533 2922 utantur
565 2879 580 2923 l
612 2878 733 2934 (Sor.
766 2881 873 2933 153,
900 2880 960 2934 9).
1081 2882 1138 2922 25
1171 2893 1213 2934 q.
1246 2878 1295 2922 in
1329 2878 1402 2922 die
1435 2879 1462 2922 l.

1450 2949 1510 2993 3*
