2014 3162
855 187 1252 240 —416—

211 348 275 406 οβ
335 345 455 399 Περὶ
486 346 568 400 τῆς
599 346 680 389 τοῦ
718 343 924 406 βρέφους
955 347 1270 397 κατακλίσεως
1309 382 1559 394 .....
1583 321 1601 433 ἱ
1647 318 1743 364 Sor·
1777 320 1811 375 I’
1837 325 1894 423 ἐξ

1720 413 1745 434 ’²

211 451 277 537 ἓξ
335 433 456 549 Ῑῆῖξὲ
488 430 1028 563 Ξξὶῖᾕῖῐιὲῗῗῑῐῇικὲος·
1076 470 1088 539 ῑ
1135 469 1147 538 3
1195 470 1207 539 ;
1255 470 1265 539 :
1315 471 1325 540 :
1374 471 1384 539 :
1433 470 1444 539 1
1493 471 1504 539 1
1552 471 1562 540 3
1721 473 1747 552 :3
1838 443 1894 541 ἓξ

211 568 269 596 οε
336 552 449 602 Πῶς
481 553 775 623 διαιτηταῖον
806 549 891 608 τὴν
923 548 1102 608 τροφόν
1136 588 1561 598 ........
1721 589 1745 610 ,,
1839 560 1895 599 34

212 624 275 659 ος
338 611 447 662 Πῶς
471 610 693 682 ποιητέον
718 610 1006 683 σβενημένου
1031 611 1116 655 τοῦ
1136 606 1398 667 γάλακτος
1381 607 1408 668 ἠ
1429 615 1570 668 φθει-

392 668 592 725 ρομένου
625 665 654 725 ἢ
688 668 1022 727 παχυνομένου
1053 665 1084 726 ἢ
1118 670 1465 728 λεπτυνομένου
1493 706 1502 716 .
1551 707 1561 716 .
1721 705 1747 726 ,,
1839 677 1894 716 35

212 731 274 782 οζ
341 727 461 783 Περὶ
492 729 688 785 λουτροῦ
722 727 804 772 καὶ
834 730 1035 799 τρίψεως
1065 729 1158 773 τῶν
1191 731 1379 786 βρεφῶν
1431 766 1439 775 .
1491 766 1499 775 .
1550 766 1558 776 .
1723 763 1748 785 ,,
1839 735 1894 776 36

210 804 274 844 οη
335 786 446 838 Πῶς
494 787 552 857 δῇ
601 786 682 831 καὶ
728 785 841 831 πότε
891 785 1080 832 διδόναι
1118 788 1202 832 τοῦ
1244 787 1450 846 βρέφους
1488 786 1573 833 τὸν

391 843 567 903 μαστόν
601 881 1561 894 .................
1722 882 1748 903 ,,
1840 853 1894 892 37

213 908 284 949 οθ
340 904 460 974 Περὶ
491 905 573 960 τῆς
604 905 686 949 τοῦ
721 902 980 978 ὀφθαλμοῦ
1012 902 1327 957 αποπτοόσεως
1374 942 1383 952 .
1433 944 1441 951 .
1492 943 1501 952 .
1552 943 1560 952 .
1723 941 1749 962 ,,
1841 911 1896 951 38

213 981 247 1008 π
341 960 466 1008 Πότε
501 963 583 1007 καὶ
613 965 711 1015 πῶς
741 962 1036 1021 παραλυτέον
1076 1001 1564 1011 .........
1722 999 1748 1022 ,,
1841 970 1896 1009 39

209 1039 292 1067 πα
341 1023 450 1073 Πῶς
483 1024 566 1066 δεῖ
588 1024 806 1077 καθίζειν
839 1024 919 1067 καὶ
951 1024 1268 1099 περιπατοῦσιν
1300 1039 1464 1068 ασκειν
1494 1061 1502 1070 .
1553 1060 1563 1070 .

210 1083 287 1139 πβ
342 1083 486 1125 Διατί
519 1078 576 1125 τὰ
616 1080 796 1138 πλήστα
835 1082 928 1126 τῶν
963 1079 1014 1126 έν
1046 1079 1176 1140 ρώμη
1208 1019 1607 1195 διαστρέφονταιῗ
1723 1117 1733 1139 ,
1841 1087 1898 1126 40

389 1142 573 1184 παίδων
600 1177 1563 1188 .................

210 1215 281 1256 πγ
337 1196 462 1242 Πότε
497 1199 578 1243 καὶ
609 1200 708 1250 πῶς
739 1195 1168 1269 ἄπογαλακτιστέον
1200 1196 1252 1243 τὸ
1287 1199 1504 1256 βρέφος.
1554 1236 1563 1246 .
1726 1234 1750 1255 ,,
1841 1205 1896 1243 41

210 1260 284 1302 πδ
337 1257 456 1313 Περὶ
489 1254 899 1314 ὀδοντοφυιασεως
961 1293 1564 1304 ...........
1725 1292 1750 1315 ,,
1842 1263 1898 1302 42

209 1332 273 1360 πε
337 1316 459 1373 Περὶ
491 1317 755 1390 φλεγμονῆς
787 1316 1127 1375 παρισθμένων
1137 1353 1563 1363 ........
1724 1351 1749 1373 ,,
1841 1322 1898 1361 43

209 1389 281 1423 πς
335 1374 457 1430 Περὶ
488 1373 656 1450 ἄφθης
718 1411 1562 1422 ...............
1723 1411 1750 1432 ,,
1841 1380 1899 1419 44

209 1437 279 1488 πζ
338 1434 459 1490 Περὶ
491 1430 860 1510 ἐξανθηματων
868 1434 948 1479 καὶ
980 1429 1247 1506 όδαξισμῶν
1318 1471 1565 1482 .....
1724 1469 1750 1492 ,,
1842 1439 1897 1478 45

209 1510 280 1549 πη
337 1493 459 1549 Περὶ
490 1491 666 1564 ρόχμου
702 1510 752 1538 τε
786 1492 866 1538 καὶ
899 1491 1041 1551 βηχός
1079 1529 1506 1541 ........
1544 1531 1565 1547 ,.
1725 1528 1750 1548 ,,
1842 1498 1897 1537 46

209 1556 290 1596 πθ
337 1552 457 1607 Περὶ
489 1567 747 1609 σηριασεως
779 1588 1563 1599 ..............
1725 1586 1750 1608 ,,
1841 1557 1898 1596 47

214 1625 244 1669 Q
336 1611 457 1664 Περὶ
488 1610 804 1681 ρευματισμοῦ
837 1613 1016 1662 κοιλίας
1078 1647 1564 1658 .........
1726 1641 1752 1664 ,,
1843 1615 1898 1655 48

212 1685 284 1728 0,oe
342 1668 469 1725 Πρὸς
499 1667 556 1715 τὰ
590 1671 683 1715 τῶν
715 1672 873 1728 μηρῶν
906 1671 988 1715 καὶ
1020 1666 1150 1714 ὤτων
1181 1673 1565 1743 παρατρίμματα.
1710 1670 1769 1714 al.

213 1732 283 1788 qss
339 1730 511 1774 Δίαιτα
554 1731 736 1786 νηπίων
777 1730 857 1774 καὶ
896 1730 989 1778 τῶν
1029 1726 1206 1800 ἐφεξῆς
1240 1727 1436 1786 ἡλικιῶν
1467 1747 1575 1787 αχρι

390 1790 484 1833 τῶν
514 1786 917 1859 παρακμαζόντων
952 1785 1206 1846 συνοπτική
1256 1825 1563 1835 ......
1709 1789 1767 1835 al.

212 1861 278 1905 qy
335 1846 398 1891 Εἰ
428 1846 552 1892 ἔστιν
585 1850 684 1892 ἴδια
716 1845 854 1918 πάθη
886 1848 1125 1904 γυναικῶν
1135 1883 1562 1894 ........
1586 1846 1684 1893 Sor.
1695 1848 1739 1892 II
1753 1847 1897 1905 praef.

212 1909 281 1964 qd*
334 1907 453 1979 Περὶ
495 1905 668 1964 ἐποχῆς
694 1903 928 1978 ε’μμήνων
969 1906 1049 1951 καὶ
1082 1908 1315 1964 στραγκῆς
1346 1906 1426 1951 καὶ
1459 1923 1575 1965 μετα
1625 1906 1722 1951 Sor.
1755 1907 1819 1962 ΙΙ,
1848 1912 1870 1950 1

389 1963 539 2010 πόνου
572 1963 854 2023 καθάρσεως
897 2001 1327 2012 ........
1342 2022 1350 2025 ,
1377 2002 1387 2012 .
1437 2002 1446 2011 .
1496 2001 1506 2012 .
1557 2005 1562 2010 .
1621 1964 1724 2011 Aet.
1759 1964 1882 2020 XVI,
1899 1976 1902 1979 ’

212 2097 273 2142 (ξε
339 2083 578 2139 Θεραπεία
609 2084 703 2128 τῶν
735 2081 796 2141 μὴ
829 2081 1225 2141 καθαιρουμένων
1250 2079 1331 2128 διὰ
1356 2084 1574 2140 πλείστην

389 2140 660 2200 θερμότητα
723 2178 1566 2189 ...............
1608 2142 1662 2186 Α.
1695 2141 1817 2196 XVI,
1843 2147 1898 2187 51

213 2215 283 2260 ας
339 2201 582 2272 Θεραπεία
614 2202 707 2246 τῶν
740 2199 800 2259 μὴ
828 2201 1224 2259 καθαιρουμένων
1249 2198 1329 2246 δια
1354 2202 1574 2257 πλείστην

389 2257 664 2336 ψυχρότητα
718 2295 1563 2307 ...............
1726 2293 1752 2316 ,,
1843 2263 1897 2303 52

214 2323 279 2377 (ὶζ
336 2319 511 2364 Πεσσοὶ
543 2317 810 2377 αἷμαγωγοί
837 2354 1564 2366 .............
1723 2351 1750 2374 ,,
1842 2322 1897 2362 53

215 2393 284 2436 qr]
341 2378 583 2433 Θεραπεία
621 2379 715 2422 τῶν
755 2375 835 2423 διὰ
876 2380 1096 2435 πλείστην
1129 2375 1328 2436 πιμελὴν
1361 2375 1423 2435 μὴ
1456 2381 1575 2422 καθ-

392 2436 656 2495 αιρομένων
716 2472 1561 2484 ...............
1723 2470 1749 2492 ,,
1841 2439 1898 2480 55

214 2498 292 2554 q&
342 2498 583 2553 Θεραπεία
623 2497 715 2540 τῶν
748 2493 828 2541 δια
861 2492 952 2541 υπὸ
986 2494 1217 2553 ἄτροφίας
1249 2493 1310 2553 μὴ
1345 2498 1574 2552 καθαιρο-

427 2554 546 2599 ένων
599 2589 1562 2602 .................
1723 2587 1748 2608 ,,
1842 2556 1897 2609 56

213 2631 238 2670 ρ
340 2572 581 2668 Θέραπειά
618 2615 711 2658 τῶν
752 2611 831 2658 δια
873 2615 1127 2671 μοχθηρῶν
1167 2614 1326 2671 χυμῶν
1358 2610 1420 2671 μὴ
1453 2615 1574 2657 καθ-

390 2671 652 2730 αιρομένων
665 2707 1562 2719 ................
1723 2705 1749 2727 ,,
1841 2675 1897 2716 57

213 2749 280 2788 ρα
344 2732 588 2788 Θεραπεία
627 2732 720 2775 τῶν
760 2729 841 2775 διὰ
879 2733 1061 2776 πολλῶν
1100 2731 1278 2786 καιρῶν
1309 2731 1477 2788 χηρίαν
1508 2727 1570 2788 μὴ

391 2788 756 2847 καθαιρομένων
781 2825 1561 2836 ..............
1840 2790 1896 2830 58

1255 2847 1373 2917 (tit.
1409 2849 1519 2904 om.)
1552 2849 1654 2892 Aet.
1686 2844 1814 2901 XVI,
1839 2849 1895 2889 59

215 2910 278 2968 ρβ
312 2908 417 2967 (sic)
483 2908 723 2966 Θεραπεία
765 2908 857 2952 τῶν
897 2902 963 2951 δι’
999 2903 1171 2964 ετέρων
1214 2902 1371 2951 τόπων
1414 2922 1576 2952 κενου-
