2014 3162
886 151 946 158 —
1029 121 1279 175 304-

235 254 333 308 ὑπὸ
387 259 485 307 τῶν
538 256 825 323 γυμνασίων
870 250 903 321 ἢ
950 252 1334 323 μεταβάλλοντος
1379 258 1448 319 εἰς
1499 254 1696 324 σάρκας.
1773 258 1829 309 αἱ
1871 256 1926 309 δὲ

237 335 320 389 διὰ
375 334 526 390 νόσον
571 339 657 403 τῆς
701 332 886 404 μήτρας
929 332 961 402 ἢ
1009 341 1097 389 τοῦ
1142 334 1294 390 ἀλλον
1341 335 1561 405 σώματος
1597 334 1629 405 ἢ
1670 337 1927 407 ἑκατέρων,

237 414 442 484 ὑστέρας
488 417 653 484 μέντοι
697 421 785 469 τοῦ
830 413 1039 485 ἆτρήτου
1085 417 1350 486 λεγομένου
1405 416 1755 486 συμπτώματος
1803 415 1926 472 ὕπο,-

239 496 441 561 στάντος
485 494 518 564 ῆ
566 495 925 564 περιτύλωσεως
969 520 1002 565 η
1049 500 1250 566 σκίρρον
1296 496 1329 567 ἢ
1377 505 1656 569 φλεγμονῆς
1698 498 1731 568 ἢ
1779 498 1929 567 οὐλῆς

192 600 214 632 5
240 577 323 644 ἐφ’
382 577 578 631 ἓλκῶσει
621 580 890 647 γενομένης
938 576 970 646 ἢ
1018 578 1208 646 μύσεως
1253 581 1363 647 περὶ
1409 579 1461 634 τὸ
1510 579 1711 648 στόμιον
1761 579 1845 634 διά
1882 601 1930 633 τε
1981 576 1986 580 ’

238 659 360 711 αλλα
404 660 488 710 καὶ
533 680 727 726 μακραν
780 663 980 728 χηρείαν
1032 657 1064 727 ἢ
1119 665 1498 730 παρεγκλίσεως,
1551 661 1638 715 τοῦ
1684 683 1732 715 τε
1777 661 1928 715 αλλου

239 739 459 807 σώματος
515 736 623 792 οἷον
675 737 914 808 ἀτροφίας
961 742 1071 809 περὶ
1124 740 1242 795 αὐτὸ
1296 743 1564 812 γενομένης
1616 743 1700 795 καὶ
1748 747 1930 810 πολλῆς

239 819 514 888 ι’σχνωσεως
551 821 634 872 καὶ
672 820 945 889 συντήξεως
975 819 1007 890 ἢ
1040 821 1348 890 πιμελώδους
1380 821 1559 892 σαρκὸς
1589 821 1931 893 παρεγχύσεως

238 899 269 969 ἢ
319 905 542 970 καχεξίας
587 899 619 969 ἢ
667 909 890 971 πυρετῶν
943 905 1027 956 καὶ
1079 909 1268 972 μακρᾶς
1313 902 1606 972 ἀρρωστίας,
1658 901 1691 972 ἢ
1739 901 1806 957 δι’
1856 905 1931 957 αἰ-
1956 922 1962 925 ”

177 1004 221 1037 10
245 985 526 1050 μορροίδων
562 979 594 1049 ἢ
637 981 703 1035 δι’
747 985 929 1051 ἐμέτων
966 982 997 1051 ἢ
1036 990 1123 1052 τῆς
1162 983 1245 1036 διὰ
1283 988 1436 1053 ῥινῶν
1473 987 1794 1055 αἱμορραγίας
1847 990 1932 1052 τῆς

246 1060 370 1132 ὕλης
410 1069 478 1128 εἰς
515 1070 664 1118 ταῦτα
702 1064 759 1118 τὰ
799 1066 919 1134 μέρη
959 1067 1465 1135 μεταλαμβανομένης.

354 1152 402 1199 8.
454 1147 748 1214 σημειωτέον
785 1150 956 1200 τοίνυν
993 1145 1067 1200 ὅτι
1105 1144 1195 1214 τὴν
1231 1144 1429 1214 ἡλικίαν
1466 1151 1523 1217 τῆ
1563 1145 1771 1209 ἐντεύξει
1807 1168 1932 1215 γνω-

242 1230 437 1295 ρίζομεν
474 1225 507 1294 ἢ
547 1233 605 1298 τῇ
644 1226 897 1295 ἀνακρίσει
933 1233 1020 1280 τοῦ
1051 1226 1282 1294 πλήθους
1311 1232 1410 1280 τῶν
1441 1228 1579 1294 έτῶν,
1617 1225 1709 1295 τὴν
1739 1227 1793 1280 δὲ
1824 1227 1933 1282 σύλ-

241 1315 397 1375 ληψιν
449 1308 499 1370 ἐξ
552 1310 623 1360 ῶν
674 1309 956 1377 εμπροσθεν
1005 1305 1341 1376 υπεδείξαμεν.
1416 1330 1503 1372 τας
1553 1309 1607 1362 δὲ
1661 1305 1934 1379 ἀνδρωδεις

177 1408 218 1441 15
243 1393 568 1458 συγκρίνομεν
606 1391 659 1441 ἐκ
697 1395 783 1456 τῆς
821 1388 1010 1456 ὄψεως,
1058 1389 1110 1444 τὸ
1152 1391 1205 1443 δὲ
1244 1388 1542 1488 ἐπιτήδευμα
1578 1392 1662 1444 καὶ
1698 1389 1784 1444 τὸν
1821 1394 1934 1460 βίον

239 1472 294 1523 ἐκ
339 1476 425 1538 τῆς
471 1469 797 1539 ἀνακρίσεως,
850 1470 936 1535 τὰς
983 1471 1038 1524 δὲ
1085 1474 1197 1541 δίχα
1235 1470 1389 1525 νόσου
1428 1477 1515 1539 τῆς
1553 1470 1738 1540 μήτρας
1775 1469 1807 1540 ἢ
1846 1477 1934 1526 τοῦ

240 1552 392 1606 αλλου
432 1550 653 1619 σώματος
691 1550 874 1623 ὑγιεία,
920 1551 1005 1616 τὰς
1044 1552 1098 1606 δε
1137 1551 1222 1606 διὰ
1261 1551 1429 1616 πάθος
1467 1554 1579 1622 περὶ
1615 1551 1731 1616 τοὺς
1768 1575 1934 1622 γυναι-

240 1639 404 1698 κείους
451 1634 632 1698 τόπους
680 1633 712 1702 ἢ
760 1633 845 1688 τὸν
892 1633 1041 1687 ἄλλον
1079 1634 1231 1704 ὄγκον
1269 1632 1552 1688 ὑποπῖπτον
1589 1639 1656 1707 τῷ
1695 1633 1933 1704 πρότερον

240 1724 529 1784 πεφηνυῖαν
574 1716 664 1783 τὴν
711 1715 959 1784 κάθαρσιν
998 1716 1166 1782 μηκέτι
1202 1723 1434 1783 παρεῖναι
1469 1721 1556 1782 τῆς
1593 1713 1829 1784 γυναικὸς
1867 1717 1936 1769 ἔτι

175 1816 219 1848 20
243 1796 580 1865 ἀκμαζούσης,
634 1799 717 1851 καὶ
763 1796 918 1866 βάρος
965 1795 1154 1863 ὀσφύος
1199 1795 1231 1864 ἢ
1282 1795 1504 1849 διάτασιν
1541 1793 1573 1864 ἢ
1613 1795 1773 1850 πόνον
1811 1798 1934 1864 ἔφη·

242 1883 390 1947 βαίου
436 1901 484 1932 τε
530 1880 611 1931 καὶ
659 1877 936 1947 βουβώνων
982 1885 1384 1948 παρακολουθεῖν
1428 1875 1463 1945 ἢ
1504 1875 1790 1946 ἀνατροπὴν
1828 1894 1934 1931 στο-

243 1955 402 2028 μάχου
442 1962 525 2012 καὶ
563 1957 799 2012 ὑπτίωσιν
836 1954 961 2028 ἦχόν
997 1981 1045 2012 τε
1091 1965 1189 2013 τῶν
1230 1958 1370 2016 ὤτων
1407 1960 1491 2012 καὶ
1527 1956 1935 2027 παρεμποδισμὸν

241 2047 327 2108 τῆς
374 2039 589 2108 ὁράσεως
634 2038 665 2108 ἢ
705 2047 925 2108 κεφαλῆς
970 2040 1122 2110 βάρος
1167 2038 1201 2108 ἢ
1242 2038 1402 2093 πόνον
1447 2037 1480 2108 ἢ
1521 2039 1746 2108 πύρωσιν
1782 2055 1936 2108 προσ-

244 2120 384 2175 τόπου
423 2122 506 2173 καὶ
543 2119 785 2191 κύρτωσιν
822 2120 1033 2191 ἀγγείων
1070 2127 1168 2175 τῶν
1205 2123 1317 2191 περὶ
1353 2119 1406 2175 τὸ
1446 2124 1592 2187 ἰνίον,
1630 2122 1713 2173 καὶ
1750 2119 1836 2184 τὰς
1866 2123 1937 2190 ῥί-

178 2222 220 2254 25
246 2207 329 2266 ζας
368 2208 465 2255 τῶν
503 2200 784 2270 ὀφθαλμῶν
830 2201 1010 2272 ἀλγεῖν.
1088 2201 1455 2272 συνδραμόντος
1495 2203 1549 2255 δέ
1587 2222 1702 2256 ποτε
1740 2207 1829 2256 τοῦ
1867 2199 1933 2270 μὴ

243 2286 578 2350 καθαίρεσθαι
624 2282 709 2335 διά
753 2305 861 2336 τινα
898 2289 996 2337 τῶν
1035 2282 1157 2337 κατὰ
1197 2282 1351 2351 φύσιν
1388 2282 1706 2352 προφάσεων,
1745 2282 1854 2338 οἷον
1893 2285 1937 2336 εἰ

364 2396 389 2435 3
423 2392 505 2436 τοῦ
541 2405 628 2436 om.
649 2406 673 2436 c
704 2389 809 2449 (μεν
834 2393 916 2437 τοῦ
949 2393 1023 2450 Ε).
1145 2397 1171 2437 6
1203 2407 1275 2436 ts:
1308 2389 1360 2436 δε
1393 2392 1444 2438 Ε.
1569 2397 1624 2437 10
1655 2386 1684 2447 ἢ
1710 2392 1794 2448 τῆς
1821 2386 1936 2448 υλης

247 2445 351 2506 0ζῆ
387 2463 477 2495 om.
518 2451 589 2506 E).
743 2449 1220 2511 μεταλαμβανομένης
1258 2465 1301 2496 c:
1357 2449 1768 2509 μεταβαλλομένης
1797 2451 1849 2495 Ε.

246 2510 501 2581 sequuntur
532 2509 731 2554 Aetiana.
763 2524 787 2554 c
820 2511 878 2567 (D
912 2526 956 2567 p
978 2515 1079 2567 214,
1093 2515 1296 2555 17-217
1301 2511 1412 2567 ,16)
1598 2514 1651 2554 12
1684 2511 1844 2554 τοίνυν
1876 2509 1931 2580 τῆ

245 2564 404 2637 ἡλικία
434 2569 490 2624 τῆ
526 2564 733 2639 ἐντεύξει
764 2546 1110 2642 γνωριζομένη
1113 2586 1152 2613 τ.
1185 2586 1229 2613 α.
1264 2584 1300 2613 c.
1426 2573 1479 2613 16
1507 2569 1621 2640 δίχα
1652 2564 1818 2613 νόσους
1852 2565 1934 2612 διὰ

245 2623 387 2670 νόσον
420 2640 459 2671 c.
578 2622 643 2683 ἢ.
695 2624 903 2699 ,υγιείαε
934 2625 1002 2684 ἡ.
1052 2624 1225 2684 ,υγεία
1258 2642 1282 2672 c
1315 2628 1447 2686 (7:35..
1466 2624 1671 2700 ,ὑγιεία
1683 2628 1755 2684 Ε).
1880 2631 1934 2671 17

245 2682 326 2730 διὰ
357 2682 546 2736 πάθους
578 2699 602 2730 c
635 2663 734 2743 (διὰ
766 2673 926 2737 πάθος
958 2687 1032 2743 D).
1188 2691 1241 2731 18
1273 2681 1302 2742 ἢ
1335 2687 1428 2730 τῶν
1459 2663 1613 2730 ἀλλων
1644 2701 1789 2742 ογκον
1821 2682 1937 2730 ὑπο-

245 2745 434 2788 πίπτειν
465 2745 546 2789 naz
577 2761 652 2801 πρ.
686 2759 710 2789 c
742 2745 817 2800 (cf
849 2746 1024 2791 residui
1054 2746 1256 2802 corporis
1286 2745 1367 2789 lat.
1402 2759 1475 2803 ap.
1511 2745 1638 2790 Orib.
1657 2745 1734 2801 VI,
1753 2745 1874 2802 347).

251 2808 302 2848 19
339 2801 406 2847 ἔτι
438 2804 499 2847 D.
535 2800 612 2848 ἐπι
645 2804 746 2860 (sic)
780 2818 816 2849 0
962 2809 1016 2848 22
1050 2801 1410 2861 παραποδισμὸν
1442 2819 1466 2849 c
1500 2806 1633 2863 (corr.
1666 2805 1736 2861 Ε).
1878 2806 1935 2847 26

245 2861 526 2919 προφάσεως
557 2862 659 2920 (sic)
694 2878 731 2908 c.
