2014 3162
742 155 805 164 -
887 124 1142 178 225-

97 258 220 312 καθ’
277 257 304 312 ὃ
357 259 675 326 προσπέφυκε
729 262 795 329 τῷ
847 257 1069 324 πυθμένι
1122 263 1206 325 τῆς
1258 257 1467 326 μήτρας,
1531 258 1790 329 ὖμενῶδης

106 341 162 394 δὲ
213 337 336 393 κατὰ
387 338 446 392 τὰ
484 339 605 392 ἄλλα
643 340 727 391 καὶ
780 336 950 401 λεπτὸς
1002 335 1074 390 δι’
1115 336 1182 406 ἣν
1220 341 1382 391 αἰτίαν
1434 339 1608 407 μικρὸν
1658 339 1788 395 ὕστε-

107 442 198 488 ρον
243 421 465 488 ἐροῦμεν.
549 414 693 483 οὗτος
741 420 796 472 δὲ
847 420 1069 486 κέκληται
1115 418 1284 488 χόριον
1328 421 1412 472 καὶ
1463 419 1661 490 ἀγγεῖον
1705 425 1788 475 καὶ

97 499 328 570 δεύτερον
379 501 464 553 καὶ
523 499 728 568 ὕστερον
787 502 871 553 καὶ
923 499 1228 570 πρόρρηγμα.
1319 500 1488 570 χόριον
1541 502 1630 569 μὲν
1690 502 1787 556 ἀπὸ

99 588 188 636 τοῦ
236 583 565 652 κεχωρηκέναι
613 581 667 636 τὸ
714 584 933 650 ἔμβρυον
970 583 1052 634 καὶ
1090 580 1148 635 τὰ
1192 581 1285 636 σὺν
1332 581 1481 656 αύτῷ,
1526 582 1697 647 καθὼς
1736 584 1790 636 δὲ
1814 605 1834 637 5

101 661 269 716 ἄλλοι
318 665 545 733 λέγουσιν
599 662 697 716 ἀπὸ
751 668 838 716 τοῦ
892 665 946 716 ἐκ
989 670 1185 717 πολλῶν
1227 663 1516 717 συνεστάναι
1559 660 1789 733 καθάπερ

105 741 133 796 ὅ
173 743 333 814 χορός.
409 744 607 814 ἀγγεῖον
658 745 712 796 δὲ
752 743 835 796 δια
873 743 926 798 τὸ
966 747 1320 815 ἐμπεριστέγειν
1356 744 1409 798 τὸ
1450 747 1666 814 ἔμβρυον
1703 744 1791 815 ἀγ-

99 831 215 899 γείῳ
262 829 623 896 παραπλησίως.
702 824 932 906 δεύτερον
974 827 1030 879 δὲ
1074 829 1155 879 καὶ
1195 826 1399 893 υστερον
1436 848 1508 879 οτι
1546 826 1664 893 μετὰ
1701 825 1792 894 τὴν

97 913 187 961 τοῦ
234 906 452 976 ἔμβρυον
498 903 711 975 κομιδὴν
758 903 1101 961 ἐπακολουθεῖ.
1177 907 1466 1008 πρόρρηγμα
1514 908 1567 960 δὲ
1619 906 1701 960 διὰ
1738 907 1790 961 τὸ

98 987 508 1058 προρρήγνυσθαι
544 989 628 1040 καὶ
665 985 718 1040 τὸ
758 989 1166 1058 ἐμπεριεχόμενον
1203 987 1359 1058 υγρὸν
1396 987 1684 1058 ἀποκρίνειν
1724 992 1792 1053 εἰς

99 1067 419 1137 ἇπαλωτέραν
455 1075 542 1123 τοῦ
580 1067 702 1121 κατὰ
740 1068 947 1139 γαστρὸς
985 1069 1225 1134 ἀπότεξιν.

214 1149 312 1204 ἀπὸ
352 1152 516 1219 μέντοι
560 1156 658 1203 τῶν
696 1154 1103 1221 σαρκωδεστέρων
1141 1158 1240 1204 τῶν
1277 1149 1398 1204 κατὰ
1435 1149 1522 1204 τὸν
1557 1152 1792 1218 πυθμένα

103 1238 267 1301 μερῶν
305 1231 507 1285 ἄνωθεν
546 1231 916 1300 ἀπομηκύνεταί
948 1256 993 1286 τι
1032 1240 1170 1302 σῶμα
1209 1231 1410 1299 λεπτόν,
1457 1231 1692 1299 ἐμφύεται
1738 1233 1793 1284 δὲ

97 1311 222 1366 κατὰ
268 1313 417 1381 μέσον
462 1311 514 1366 τὸ
560 1319 658 1366 τῶν
705 1312 936 1381 ἐμβρύων
974 1313 1307 1383 ἐπιγάστριον,
1354 1314 1481 1365 ἔνθα
1517 1311 1666 1375 τόπος
1704 1310 1792 1380 ὅμ-

96 1400 276 1462 φαλοῦ.
351 1396 432 1446 καὶ
488 1393 606 1448 αὐτὸ
647 1395 702 1446 δὲ
739 1393 792 1447 τὸ
831 1394 1028 1467 ἐμβρύῳ
1069 1394 1385 1463 ἐμφυόμενον
1424 1392 1489 1457 ὦς
1528 1399 1666 1461 σῶμα
1703 1416 1791 1446 κα-

100 1481 281 1578 λζοῢμεν
334 1473 574 1542 ὀμφαλόν.
653 1476 957 1577 συγκέκριται
997 1474 1043 1528 δ’
1087 1478 1140 1528 ἐκ
1178 1474 1414 1544 τεττάρων
1452 1473 1539 1528 τὸν
1576 1473 1793 1543 ἀριθμὸν

99 1555 313 1626 ἀγγείων
345 1555 437 1609 δύο
470 1559 744 1624 φλεβωδῶν
773 1558 856 1609 καὶ
887 1555 979 1610 δύο
1011 1555 1273 1626 ἀρτηριῶν,
1305 1555 1371 1608 δι’
1401 1578 1473 1608 ων
1508 1559 1577 1619 εἰς
1606 1558 1794 1623 θρέψιν

100 1637 194 1705 υλη
241 1635 468 1705 αἷματικὴ
515 1639 599 1689 καὶ
636 1636 938 1705 πνευματικὴ
990 1641 1365 1706 παρακομίζεται
1411 1644 1510 1700 τοῖς
1548 1636 1794 1706 ἐμβρύοις.

101 1717 383 1787 ἐμφύεσθαι
420 1718 475 1771 δὲ
513 1724 663 1771 ταῦτα
695 1717 1096 1786 Ἐμπεδοκλῆς
1136 1719 1224 1787 μὲν
1265 1722 1333 1781 εἰς
1370 1717 1422 1771 τὸ
1464 1712 1598 1786 ἧπαρ
1630 1721 1791 1772 οἴεται.

40 1786 57 1797 ’
102 1803 367 1865 Φαῖδρος
415 1799 468 1851 δὲ
507 1802 576 1862 εἰς
613 1798 704 1868 τὴν
741 1802 1096 1867 καρδίαν.οἰ
1130 1800 1193 1853 δε
1238 1800 1448 1852 πολλοὶ
1484 1819 1571 1861 τας
1609 1797 1794 1867 φλέβας

100 1882 189 1948 μὲν
229 1884 296 1943 εἰς
333 1879 386 1934 τὸ
424 1902 560 1948 ηπαρ
599 1883 808 1946 οἴονται,
852 1879 937 1943 τὰς
976 1879 1205 1948 ἀρτηρίας
1245 1881 1298 1932 δὲ
1338 1883 1406 1942 εἰς
1442 1877 1533 1946 τὴν
1571 1883 1792 1948 καρδίαν.

91 1961 412 2031 ἹΙρόφιλος
458 1962 514 2014 δὲ
558 1959 642 2024 τὰς
682 1961 869 2030 φλέβας
907 1962 996 2030 μὲν
1036 1966 1104 2025 εἰς
1141 1960 1232 2030 τὴν
1273 1965 1444 2029 κοίλην
1482 1959 1664 2029 φλέβα,
1711 1959 1795 2024 τὰς

98 2042 330 2114 ἀρτηρίας
384 2043 438 2096 δὲ
491 2045 561 2106 εἰς
614 2041 704 2109 τὴν
749 2051 956 2111 παχεῖαν
1001 2041 1237 2111 ἀρτηρίαν
1275 2041 1367 2110 τὴν
1403 2045 1795 2111 παρατείνουσαν

101 2132 202 2187 τοῖς
241 2122 558 2191 σφονδύλοις,
597 2122 692 2190 πρὸ
735 2123 790 2176 δὲ
827 2130 913 2192 τῆς
952 2127 1020 2187 εἰς
1060 2123 1216 2192 αὐτὴν
1255 2122 1512 2192 ἐμφύσεως
1541 2122 1674 2191 παρὰ
1703 2122 1795 2191 τὴν

1817 1010 1860 1042 10

1818 1414 1858 1446 15

1817 1819 1860 1852 20

103 2204 272 2258 κύστιν
311 2203 461 2268 αὐτὰς
499 2211 948 2274 πλαγιοφορεῖσθαι
989 2204 1103 2273 παρ’
1141 2204 1369 2274 ἑκατέροις
1399 2203 1625 2273 πλευράς.
1675 2204 1792 2257 Εῧ-
1817 2224 1859 2258 25

222 2341 247 2379 2
281 2332 402 2380 κατὰ
434 2334 495 2379 Εε
506 2336 611 2439 ἐκαὶ
643 2349 680 2380 c.
811 2340 839 2379 4
871 2335 928 2379 cf.
962 2336 1072 2392 (Ps.)
1106 2334 1206 2379 Gal.
1240 2333 1362 2389 XIX,
1389 2339 1478 2378 454
1510 2330 1675 2406 ἐπειδὴ
1709 2332 1794 2391 χώ-

100 2391 227 2452 ρημά
261 2390 358 2439 ἐστι
387 2411 472 2439 του
506 2390 711 2452 ἐβρύου
747 2392 895 2439 οἱονεὶ
926 2395 1111 2451 χωρίον.
1256 2398 1282 2438 5
1316 2392 1373 2437 τοὶ
1406 2393 1463 2437 E:
1497 2390 1551 2437 τὸ
1584 2408 1621 2437 c.
1768 2399 1794 2437 6

103 2449 386 2498 συνεστάναι
418 2454 481 2498 D.
542 2455 710 2498 στοῖναι
741 2454 842 2510 (sic)
877 2467 915 2497 c.
952 2460 967 2474 ⁸
1054 2459 1080 2498 8
1113 2448 1317 2510 ἀγγείων
1350 2467 1374 2497 c
1406 2454 1540 2509 (corr.
1572 2451 1646 2509 D).
1767 2458 1793 2496 9

102 2512 401 2583 ef.p.79,'19
427 2514 467 2557 D
499 2510 551 2557 τὸ
583 2509 838 2570 λεγόμενον
869 2509 1159 2586 πρόρρηγμα.
1285 2517 1337 2556 12
1370 2512 1463 2555 τῶν
1495 2512 1557 2556 E:
1589 2510 1671 2556 καὶ
1700 2511 1793 2555 τῶν

103 2586 141 2617 c.
263 2568 348 2616 τὸν
378 2572 481 2643 (sic)
508 2585 554 2615 c·
587 2585 676 2617 om.
710 2572 754 2616 d.
878 2577 934 2615 14
965 2569 1107 2628 μέσον
1140 2571 1200 2615 Ε;
1233 2567 1285 2615 τὸ
1319 2569 1462 2628 μέσον
1494 2585 1531 2614 c.
1655 2575 1710 2615 15
1741 2566 1792 2614 τὸ

106 2626 292 2704 ἐμβρύῳ
325 2628 394 2688 (τὸ
427 2632 489 2691 τῷ
525 2627 711 2691 ἐμβρύῳ
744 2631 818 2687 E):
852 2628 904 2675 τὸ
940 2629 1142 2688 ἔμβρυον
1175 2645 1213 2675 c.
1360 2636 1413 2675 16
1446 2645 1484 2675 σ.
1517 2627 1571 2674 δὲ
1603 2625 1690 2674 τὸν
1721 2625 1794 2685 ἀρ.

106 2686 281 2746 ἀγγείω
314 2690 416 2747 (sio)
450 2705 474 2735 0
506 2691 636 2747 (corr.
670 2688 740 2746 E).
837 2694 890 2734 18
906 2689 990 2762 cfz
1015 2687 1133 2746 αἷμα
1164 2689 1245 2734 καὶ
1275 2690 1466 2761 πνεῦμα
1500 2687 1601 2733 Gal.
1618 2689 1677 2743 ΙΙ,
1695 2692 1792 2732 904.

103 2747 208 2792 Aet.
245 2753 314 2803 16,
340 2753 380 2794 3.
502 2753 559 2794 21
593 2750 775 2793 οἰόνται
807 2749 866 2794 E:
899 2745 1104 2805 ὁρῶνται
1135 2763 1173 2792 c.
1294 2745 1380 2803 τὴν
1412 2747 1514 2817 (sio)
1549 2762 1592 2792 c:
1627 2760 1715 2791 om.
1749 2746 1794 2790 d.

165 2812 221 2851 22
254 2805 337 2858 τὰς
369 2803 504 2865 (ἀρτ.)
536 2806 596 2852 Ε·
630 2822 718 2853 om.
753 2823 791 2854 c.
933 2813 988 2852 23
1021 2824 1225 2864 παχειαν
1255 2808 1292 2851 Ε
1326 2804 1551 2876 (μεγάλην
1583 2805 1683 2850 Gal.
1716 2803 1795 2861 IV,

108 2870 209 2911 664.
242 2866 298 2910 cf.
333 2871 432 2912 661.
464 2867 567 2911 Aet.
604 2872 672 2923 16,
698 2869 765 2923 3).
799 2868 1020 2924 τραχείαν
1055 2880 1091 2910 ο.
1216 2872 1272 2911 24
1304 2862 1584 2915 σπονδύλοις
1614 2878 1651 2908 c.

197 2947 376 2990 Soranus,
400 2946 460 2980 ed.
483 2948 595 2982 Bone.
1475 2943 1529 2982 15
