2014 3162
748 134 1147 186 —367—

103 264 316 332 στέρνων
362 261 395 331 ἢ
444 263 509 332 μὴ
557 263 788 317 εἰκόντων
833 263 1218 335 ἆπορρηγνύναι.
1295 273 1550 340 συμπίπτει
1597 269 1689 339 γὰρ
1727 292 1785 323 τα

102 347 212 413 περὶ
249 344 302 398 τὸ
342 351 530 414 στῆθυς
569 347 735 414 μηκέτι
774 345 1106 415 διερειδόμενα
1143 355 1247 410 ταῖς
1284 351 1561 418 λεγομέναις
1591 355 1784 403 κλεισίν.

104 430 146 479 εἰ
176 427 230 479 δὲ
262 425 378 494 μηδ’
416 426 570 490 οὕτως
596 425 803 493 ὑπείκοι,
840 426 893 480 τὸ
920 426 1229 497 ἐπιγάστριον
1253 433 1526 498 διαρρινᾶν,
1559 429 1786 494 ὡσαύτως

102 505 198 560 κᾶν
247 505 530 575 ὖδρωπικὸν
570 503 602 578 ᾖ
639 506 692 561 τὸ
732 510 962 576 ἔμβρυον.
1038 510 1341 572 κενωθέντος
1378 509 1470 579 γὰρ
1507 518 1594 564 τοῦ
1632 510 1786 580 ὑγροῦ

105 591 363 656 συμπίπτει
409 587 531 655 πρὸς
584 592 815 656 ἴσχνωσιν
865 587 897 657 ἡ
949 589 1149 658 περιοχὴ
1203 597 1290 644 τοῦ
1337 591 1568 659 σώματος.
1646 596 1688 646 εἰ
1733 594 1786 645 δὲ
1810 611 1830 644 5

103 671 186 722 καὶ
229 668 287 722 τὰ
334 671 500 738 ἔντερα
545 671 741 738 παρέχει
786 675 850 743 τῷ
889 672 1177 741 ἐπιγαστρίῳ
1217 670 1325 723 τινὰ
1365 671 1652 741 διόγκωσιν,
1705 674 1787 725 καὶ

103 756 252 803 ταῦτα
282 750 519 821 πρότερον
550 752 706 804 ἕλκειν
742 753 823 804 καὶ
846 750 903 804 τὰ
927 751 1071 805 λοιπὰ
1096 758 1194 804 τῶν
1217 755 1583 821 παρακειμένων
1608 753 1788 822 σπλάγ-

104 854 235 901 χνων
275 831 428 895 οὕτως
458 853 507 885 τε
544 831 634 900 τὴν
673 832 794 900 ὅλην
833 834 1098 901 ἐξενεγκεῖν
1138 831 1403 901 σύγκρισιν.

218 919 302 966 64.
355 911 412 965 τὰ
453 911 498 966 δ’
544 912 667 966 αὐτὰ
704 921 867 967 ποιεῖν
903 910 999 966 κᾶν
1038 915 1117 966 ἐπὶ
1154 914 1311 978 πόδας
1350 916 1568 984 φέρηται.
1642 933 1789 984 προσ-

105 996 530 1063 ανακεκλασμένας
578 996 631 1047 δὲ
678 993 762 1058 τὰς
807 1002 970 1063 χεῖρας
1008 993 1304 1049 ἀποκόπτειν
1341 998 1423 1048 καὶ
1460 996 1787 1063 τὸ,κεφοῖλιον
1812 1016 1854 1047 1ο

104 1074 507 1145 εὖμεγεθέστερον
552 1074 775 1144 ὑπάρχον
821 1074 970 1128 πάλιν
1015 1082 1159 1129 θλᾶν.
1250 1074 1369 1143 ’ὅπερ
1424 1077 1790 1144 δυσχερέστερον

106 1158 186 1208 ἐπὶ
222 1160 367 1210 τοῦδε
404 1162 492 1209 τοῦ
530 1155 788 1224 σχήματος,
828 1156 911 1209 διὰ
948 1156 1001 1210 τὸ
1033 1157 1138 1210 ἅνω
1168 1156 1222 1211 τὸ
1255 1156 1491 1224 κεφάλιον
1522 1154 1790 1225 ἀποκεκρύ-

25 1258 59 1312 2²
107 1245 252 1304 φθαι.
330 1237 492 1306 δεήσει
539 1239 593 1290 δὲ
640 1245 697 1308 τῇ
737 1242 872 1310 δεξιᾷ
909 1244 1008 1291 τῶν
1045 1242 1217 1292 ποδῶν
1254 1236 1530 1305 λαβόμενον
1568 1240 1789 1304 ἐξέλκειν,

105 1325 162 1389 τῇ
194 1317 433 1390 εὐωνύμῳ
467 1318 521 1371 δὲ
551 1317 604 1372 τὸ
629 1317 867 1385 κεφάλιον
890 1317 1197 1372 ἀπευθύνειν
1221 1320 1444 1371 ἔνδοθεν.
1481 1317 1791 1371 ἆνακλασθὲν

108 1402 161 1454 δὲ
215 1404 283 1463 εἰς
328 1399 414 1453 τὸν
460 1399 645 1468 αὐχένα
691 1406 775 1468 τῆς
820 1398 1023 1469 ὑστέρας
1069 1399 1345 1453 ἀποσπᾶται
1394 1398 1637 1462 πολλάκις.
1713 1401 1789 1467 ἐρ·
1814 1416 1856 1450 15

105 1485 259 1551 γῶδες
310 1481 363 1533 δὲ
411 1479 464 1534 τὸ
515 1487 854 1534 καθυπονοεῖν
906 1479 998 1548 τὴν
1052 1479 1312 1548 εὐώνυμον
1361 1488 1495 1548 χεῖρα
1539 1479 1663 1549 πρὸς
1708 1479 1791 1542 τὰς

108 1561 310 1627 ἐξολκὰς
356 1564 482 1631 ἔχειν
529 1561 796 1629 οἰκειότητα
844 1567 909 1632 τῷ
949 1563 1030 1613 καὶ
1067 1560 1182 1624 τοὺς
1220 1560 1360 1627 ὄφεις
1399 1560 1481 1613 διὰ
1519 1567 1603 1629 τῆς
1642 1559 1792 1628 αὐτῆς

109 1644 350 1697 ἕλκεσθαι.
403 1646 571 1711 ψευδῆ
609 1642 702 1712 γὰρ
741 1641 1004 1711 ἀμφότερα.
1068 1645 1170 1713 ἰδία
1209 1642 1263 1694 δὲ
1294 1645 1362 1705 εἰς
1390 1640 1599 1694 κάθεσιν
1628 1663 1793 1710 κεχρη-

111 1728 354 1793 σίμευκεν,
395 1722 461 1788 ὥς
499 1726 780 1793 ἔμπροσθεν
817 1722 1148 1790 ὑπεδείξαμεν.

221 1808 302 1860 ἐπὶ
349 1806 404 1859 δὲ
448 1812 546 1859 τῶν
591 1810 812 1874 πλαγίων
848 1807 928 1858 καὶ
969 1808 1154 1857 διπλῶν
1193 1802 1419 1872 ἐμβρύων
1457 1806 1500 1856 εἰ
1536 1802 1600 1872 μὴ
1641 1803 1792 1856 ἆπευ-
1816 1822 1858 1853 20

111 1886 343 1954 θύνοιτο,
395 1886 454 1940 τὰ
504 1885 842 1941 ὑποπίπτοντα
886 1887 1115 1956 τρωτέον,
1174 1883 1254 1950 ἐφ’
1306 1878 1376 1936 ὧν
1414 1884 1502 1951 μὲν
1539 1883 1591 1936 τὸ
1631 1883 1794 1954 ἐπιγά-

113 1985 276 2039 στριον
326 1967 407 2037 ἐφ’
459 1962 529 2022 ὧν
576 1968 630 2020 δὲ
683 1967 767 2031 τὰς
806 1966 1051 2036 μασχάλας
1103 1967 1185 2018 καὶ
1236 1963 1294 2017 τὰ
1340 1963 1660 2032 μεσοπλεύρια
1712 1967 1795 2016 καὶ

112 2051 170 2104 τὰ
223 2049 356 2120 παρὰ
400 2057 501 2113 τοῖς
547 2057 751 2118 νεφροῖς
798 2046 864 2111 ὡς
911 2049 991 2100 ἐπὶ
1036 2045 1233 2116 λαγόνα.
1311 2049 1354 2098 εἰ
1399 2046 1451 2098 δὲ
1500 2044 1675 2113 νεκρὸν
1712 2047 1794 2098 καὶ

114 2130 440 2201 ὑπερμέγεθες
484 2128 723 2199 ὑπάρχοι,
773 2128 825 2183 τὸ
866 2130 953 2198 μὲν
991 2128 1108 2182 ὅλον
1145 2129 1292 2181 ἔνδον
1331 2126 1447 2180 αὐτὸ
1486 2128 1795 2193 κατατέμνειν

117 2214 397 2280 ἐπισφαλές,
440 2211 644 2280 ἄμεινον
683 2212 736 2264 δὲ
773 2210 826 2264 τὸ
865 2210 1110 2279 προπαλὲς
1149 2207 1224 2261 ἀεὶ
1261 2206 1539 2278 γενόμενον.
1616 2205 1689 2270 οἷς
1726 2209 1796 2275 γί-
1818 2222 1860 2255 25

119 2317 319 2364 γνονται
357 2293 606 2355 ἀποκοπαὶ
643 2291 747 2346 κατ’
790 2292 972 2361 ἄρθρα,
1010 2292 1093 2343 καὶ
1123 2289 1216 2358 γὰρ
1257 2288 1314 2342 τὰ
1346 2287 1458 2341 ὀστᾶ
1488 2286 1609 2340 κατὰ
1647 2287 1798 2355 πέρας

239 2467 263 2506 1
296 2457 609 2518 ἀντιστέρνων
642 2456 855 2517 ἡκόντων
889 2454 1052 2515 ἆπορρ.
1086 2471 1123 2501 c.
1298 2459 1324 2498 3
1354 2449 1543 2498 ὑπείκοι
1572 2448 1798 2522 Βερπεί-

119 2537 248 2566 notro
283 2517 352 2578 (τὸ
384 2517 518 2576 ὑπογ.
553 2520 635 2576 sic)
670 2533 707 2564 c.
831 2514 911 2561 διὰ
944 2515 1086 2573 ῥἰνῶν
1119 2529 1143 2559 c
1176 2516 1395 2571 (διαιρεῖν
1427 2512 1491 2566 Ε,
1524 2512 1798 2581 διακοπτειν

117 2579 256 2638 Aen),
378 2580 459 2624 καὶ
491 2580 617 2635 (ante
651 2573 888 2633 ὡσαύτως)
920 2575 1024 2620 add.
1049 2575 1103 2620 E.
1224 2579 1249 2617 6
1284 2570 1405 2629 ἐπιγ.
1436 2571 1514 2614 hic
1538 2584 1562 2614 c
1585 2573 1696 2625 (non
1718 2583 1797 2614 υπ.

119 2642 172 2684 ut
202 2655 244 2684 v.
271 2641 331 2696 3).
514 2643 539 2682 9
586 2651 708 2681 nunc
749 2650 804 2681 ex
841 2637 944 2692 ipso
975 2634 1113 2678 Aetio
1147 2634 1400 2688 sequuntur
1432 2630 1645 2699 excerpt?
1673 2627 1797 2683 frag-

119 2699 277 2743 menta.
307 2697 431 2755 apud
461 2697 661 2741 Paulum
691 2711 736 2753 p.
763 2700 863 2750 306,
889 2698 1034 2739 5-14
1067 2692 1154 2749 (ed.
1188 2691 1359 2747 Briau).
1438 2746 1448 2761 1
1511 2692 1565 2730 14
1596 2689 1798 2730 ανακλα-

121 2755 298 2802 σθέντα
330 2757 383 2801 δὲ
417 2770 441 2800 c
474 2751 797 2811 (ἄνακλασθὲν
828 2750 916 2810 γὰρ
949 2753 1019 2809 Ε).
1143 2755 1196 2794 15
1228 2750 1309 2806 τῆς
1340 2747 1534 2804 ὑστερας
1566 2758 1654 2791 om.
1686 2745 1737 2789 E.

123 2819 177 2860 19
211 2814 344 2873 ἕμπρ.
378 2829 436 2860 so.
470 2815 536 2869 ΙΙ,
562 2819 631 2859 61.
754 2819 810 2857 26
843 2812 944 2857 uoci:
977 2807 1056 2855 διὰ
1090 2823 1114 2852 c
1148 2811 1265 2865 (λεῖα
1296 2808 1366 2865 Ε).
1488 2800 1629 2849 κατόιε
1661 2802 1742 2847 καὶ
1774 2816 1797 2846 c

122 2873 260 2930 (κατὰ
293 2871 345 2919 τὸ
378 2872 525 2930 πέρας
557 2873 637 2916 καὶ
668 2871 738 2928 Ε).
