2014 3162
881 113 1245 166 -80-

335 247 382 299 6.
424 243 559 316 (57.)
622 249 876 307 Quomodo
931 247 1104 298 dicunt
1142 248 1202 297 de
1243 250 1554 299 extrinsecus
1592 248 1906 299 venientibus

224 325 385 373 causis
426 323 765 373 difficultatem
802 330 974 388 partus
1014 319 1304 385 emergere?

334 398 645 462 frequentius
701 397 831 446 enim
885 403 971 445 aut
1016 395 1199 458 frigore
1254 397 1404 444 nimio
1459 397 1587 444 aeris
1634 402 1718 445 aut
1762 396 1909 461 paulo

221 471 333 536 plus
381 470 560 537 calid0,
615 476 699 519 aut
746 475 880 519 certe
927 484 1041 518 cum
1089 483 1144 518 ea
1196 483 1322 532 quae
1361 468 1754 534 parturientibus
1794 477 1911 520 sunt

178 553 199 587 ⁵
222 546 515 609 necessaria,
554 559 653 592 non
693 549 821 592 sunt.

337 617 383 667 7.
411 612 544 685 (56.)
573 616 828 674 Quomodo
855 616 1026 665 dicunt
1049 630 1139 679 per
1159 614 1432 664 folliculum
1448 615 1662 680 inpediri
1677 612 1911 679 partum?

335 707 448 740 cum
496 690 684 739 tardius
748 704 774 738 a
828 689 980 738 fundo
1041 690 1260 738 matricis
1318 688 1583 738 resolvitur
1636 695 1721 738 aut
1775 696 1910 740 certe

223 766 292 814 ita
340 764 526 813 solidus
575 770 652 812 est
698 769 755 812 ut
803 762 1089 812 difficillime
1135 768 1421 829 rumpatur,
1467 768 1552 811 aut
1601 769 1804 812 econtra
1841 765 1911 813 ita

227 839 393 887 tenuis
433 844 487 886 ut
518 845 630 886 ante
666 843 864 901 tempus
895 843 1067 901 partus
1108 835 1300 885 solutus
1333 837 1397 885 sit
1428 842 1478 884 et
1509 841 1620 885 ante
1652 835 1913 886 humorem

85 904 93 912 ’
161 921 203 953 10
226 911 365 960 illum
405 910 622 960 effundat
662 912 747 975 qui
784 916 990 974 propter
1028 909 1219 974 lapsum
1257 910 1458 958 infantis
1498 924 1524 958 a
1562 917 1738 960 natura
1771 925 1912 975 prae-

225 991 426 1049 paratus
467 991 555 1033 est.

339 1056 387 1108 8.
429 1057 684 1115 Quomodo
725 1056 897 1105 dicunt
934 1071 1025 1120 per
1064 1071 1177 1105 eum
1218 1056 1417 1105 modum
1456 1058 1542 1121 qui
1581 1071 1640 1106 ex
1682 1055 1913 1106 omnihus

229 1133 390 1180 causis
429 1132 670 1180 miscetur
708 1136 905 1195 partum
943 1127 1194 1193 inpediri?
1219 1169 1230 1179 .
1259 1169 1270 1178 .
1295 1169 1306 1180 .

340 1200 475 1271 (55.)
530 1220 587 1254 eo
636 1203 767 1269 quod
813 1203 1075 1268 languidus
1115 1210 1164 1252 et
1201 1203 1360 1252 lassus
1400 1209 1476 1252 est
1514 1204 1676 1252 infans
1715 1209 1764 1252 et
1802 1203 1912 1253 ideo

160 1287 202 1320 15
227 1293 324 1327 non
376 1278 570 1327 adiuvat
618 1279 942 1342 parturientis
982 1283 1208 1343 comme,
1249 1276 1326 1326 vel
1379 1283 1516 1326 certe
1555 1282 1782 1327 mortuus
1822 1283 1912 1343 est,

227 1359 311 1401 aut
340 1351 489 1400 breve
514 1359 662 1417 caput
684 1350 833 1400 habet
857 1357 907 1400 et
930 1350 1105 1399 exinde
1132 1350 1376 1399 orificium
1399 1352 1620 1400 matricis
1648 1350 1915 1400 extendere

226 1440 326 1474 non
365 1431 529 1489 potest
567 1441 660 1475 nec
699 1424 762 1474 ab
799 1423 1067 1474 obstetrice
1107 1424 1250 1473 facile
1290 1424 1639 1488 conprehendi.

338 1506 389 1547 et
405 1498 525 1548 haec
543 1505 660 1548 sunt
677 1513 853 1547 causae
879 1513 1001 1562 quas
1025 1497 1295 1547 Muscion
1320 1504 1370 1546 et
1401 1499 1555 1547 ceteri
1580 1504 1808 1547 auctores
1832 1513 1915 1547 vo-

227 1570 428 1620 luerunt
452 1572 613 1621 facere
638 1571 940 1621 difficultatis
957 1577 1142 1635 partus
1170 1571 1435 1620 Soranus
1460 1586 1576 1620 vero
1601 1577 1772 1620 noster
1798 1571 1915 1621 alias

160 1657 205 1689 20
230 1646 448 1708 suggerit
488 1660 676 1694 causas.
730 1644 834 1694 vult
873 1646 1004 1693 enim
1050 1644 1308 1693 adfirmare
1348 1651 1432 1693 aut
1471 1645 1531 1693 de
1572 1647 1806 1694 strictura
1843 1647 1915 1694 in·

230 1718 391 1783 pediri
429 1725 627 1782 partum
666 1724 751 1767 aut
790 1719 1072 1767 constrictis
1113 1723 1163 1767 et
1202 1719 1398 1766 siccatis
1437 1717 1663 1782 partibus
1700 1719 1822 1783 ipsis
1855 1718 1916 1768 de
1964 1719 1966 1721 ’

228 1790 366 1840 fluxu
415 1791 739 1841 abundantiae
778 1791 1001 1841 humoris
1042 1791 1117 1839 vel
1155 1790 1291 1840 fluxu
1325 1793 1577 1855 sanguinis
1609 1793 1915 1857 consumptis

229 1863 417 1914 viribus
468 1867 810 1931 parturientiS‚
865 1864 940 1913 vel
990 1863 1086 1913 illis
1125 1864 1277 1913 rebus
1316 1863 1496 1929 quibus
1536 1865 1777 1915 orificium
1815 1880 1915 1914 ma-

232 2064 306 2109 ΜΟ
338 2065 470 2110 addit
501 2078 616 2120 quae
645 2077 730 2120 seq.
914 2069 939 2108 6
989 2065 1046 2119 cf.
1078 2064 1243 2110 Aetius
1275 2067 1349 2116 16,
1374 2066 1439 2110 22
1462 2078 1512 2121 Ρ.
1545 2067 1639 2109 966
1669 2078 1710 2110 υ.
1743 2067 1804 2110 57
1834 2065 1917 2121 (ed.

230 2122 381 2179 Buyd.
399 2124 554 2178 1549),
589 2123 772 2167 Paulus
795 2126 839 2177 3,
857 2127 930 2168 76.
1055 2128 1079 2167 7
1112 2124 1143 2167 f.
1175 2122 1396 2180 resolvi(e
1413 2124 1524 2179 l)tur
1553 2123 1760 2168 matricis
1791 2124 1854 2168 bl.

234 2186 260 2226 8
293 2182 492 2226 solidum
524 2183 592 2239 (fi)
626 2183 726 2226 blh.
833 2184 917 2227 aut
947 2184 971 2226 e
1005 2184 1168 2226 contra,
1196 2183 1246 2226 h:
1279 2184 1362 2226 aut
1391 2184 1516 2226 certe
1548 2182 1611 2227 bl.
1720 2188 1746 2227 9
1778 2183 1918 2228 tenue

231 2240 282 2294 h,
325 2242 532 2298 tenue(m
563 2241 701 2297 b)erit
742 2241 805 2286 bl.
957 2243 1095 2297 partu
1128 2241 1284 2285 solutu
1315 2241 1375 2285 sit
1405 2242 1477 2286 bl:
1517 2242 1678 2298 partus
1710 2241 1920 2286 solvatur

235 2299 276 2342 h.
402 2304 457 2343 12
490 2313 573 2355 per
603 2313 685 2345 om.
721 2301 759 2344 b.
884 2304 939 2344 13
970 2300 1045 2344 hic
1076 2301 1247 2344 lacuna
1276 2300 1457 2344 videtur
1489 2301 1640 2346 latere,
1765 2304 1820 2344 14
1850 2301 1919 2345 Eo

237 2357 360 2412 quod
393 2359 464 2402 bl:
499 2358 538 2401 si
568 2359 610 2402 h.
671 2359 861 2403 redeunt
889 2359 998 2404 haec
1031 2360 1088 2415 (v.
1121 2360 1332 2412 14-1'7)
1365 2359 1428 2403 ad
1458 2373 1530 2415 qu.
1566 2363 1594 2403 3
1625 2372 1706 2404 nec
1735 2359 1919 2414 faciwnt

234 2416 298 2460 ad
327 2429 399 2472 qu.
427 2419 726 2473 propositam.
787 2431 903 2474 quae
933 2422 974 2463 et
1003 2419 1108 2474 ipsa
1137 2430 1235 2463 ‘now
1262 2421 1388 2461 extat
1417 2418 1471 2462 in
1500 2419 1689 2474 qraecis.
1810 2417 1918 2464 ideo

234 2475 308 2520 bl:
339 2474 448 2519 inde
478 2476 522 2520 h.
661 2481 716 2520 16
748 2478 797 2520 et
826 2475 993 2521 exinde
1025 2478 1060 2521 l:
1094 2479 1142 2521 et
1171 2475 1280 2519 inde
1312 2477 1389 2520 bh.
1510 2476 1721 2521 matricis
1750 2478 1802 2521 h:
1833 2490 1917 2522 om.

235 2533 300 2578 bl,
420 2534 578 2590 potest
608 2534 681 2578 bl:
713 2535 863 2590 possit
892 2537 934 2578 h.
1057 2534 1343 2592 apprehendi
1372 2536 1414 2579 h.
1540 2540 1593 2580 18
1627 2536 1920 2582 et-oausae

237 2592 311 2636 lh:
344 2605 426 2636 om.
461 2593 500 2636 b.
652 2593 740 2652 hec
773 2595 806 2638 l:
838 2594 898 2637 he
928 2594 969 2637 h.
1113 2593 1323 2638 muscion
1353 2595 1403 2637 h:
1437 2607 1525 2650 ego
1557 2594 1727 2638 mustio
1760 2595 1800 2648 b,
1833 2608 1919 2651 ego

238 2651 453 2695 muscion
482 2652 509 2695 l.
647 2653 860 2697 auctores
893 2653 964 2696 bl:
997 2665 1081 2698 om.
1113 2652 1154 2698 h.
1303 2657 1356 2696 19
1390 2652 1703 2697 difficultatis:
1735 2655 1803 2698 -te
1834 2654 1919 2709 (425

236 2709 319 2765 bh)
351 2710 379 2754 l.
503 2708 704 2755 suranus
737 2711 775 2756 b.
921 2712 1081 2755 noster
1108 2711 1158 2756 h:
1190 2724 1274 2756 om.
1307 2712 1373 2756 bl.
1525 2715 1581 2755 20
1614 2712 1672 2756 de
1702 2712 1921 2758 strictura

238 2769 308 2813 bl:
342 2768 606 2813 stricturam
637 2770 679 2814 h.
801 2774 858 2813 21
891 2771 972 2814 aut
1003 2771 1073 2815 bl:
1106 2783 1189 2814 om.
1222 2771 1265 2814 h.
1389 2770 1447 2814 de
1479 2770 1556 2814 bl:
1589 2772 1670 2815 aut
1698 2772 1741 2815 h.
1863 2776 1918 2815 22
1943 2762 1970 2769 *⁵

237 2827 442 2872 humoris
475 2828 547 2872 bl:
584 2827 763 2873 sudoris
795 2830 840 2874 h.
