2014 3162
771 114 1131 166 -93-

121 253 350 316 superius
390 251 490 300 dixi
522 249 796 315 emhryulci
833 249 1062 299 mittendi
1102 259 1239 314 sunt,
1286 258 1342 299 ut
1388 254 1545 315 possit
1595 252 1803 302 relicum

120 340 302 390 corpus
341 324 533 374 adduci.
610 326 654 373 si
692 339 807 373 vero
847 339 947 373 non
986 325 1206 388 potuerit
1245 330 1405 372 totum
1445 327 1594 390 exire,
1641 326 1716 374 vel
1752 329 1803 374 iu

117 407 354 464 quantum
410 400 533 464 exit,
588 399 658 447 sic
712 397 1099 462 praecidendum
1145 404 1221 446 est
1267 404 1323 445 ut
1371 398 1605 460 paulatim
1659 415 1803 449 omne

116 487 298 537 corpus
345 471 523 521 adduci
568 468 812 536 <possit>.
890 470 1022 536 quod
1077 472 1120 519 si
1172 486 1264 520 nec
1312 472 1464 534 girari
1509 474 1667 535 possit
1713 489 1805 522 nec

115 545 415 611 embryulcis
454 545 646 611 adduci,
694 544 1033 609 quaerendum
1080 551 1156 593 est
1195 560 1257 593 ne
1298 545 1424 593 forte
1464 544 1806 609 hydrocefalus
1830 557 1850 589 5

117 622 183 668 sit
228 620 323 669 hoc
363 627 439 669 est
489 634 664 684 aquam
714 621 845 668 inter
886 625 1052 667 cutem
1091 620 1267 682 capitis
1304 617 1504 685 habeat,
1555 626 1606 668 et
1643 622 1808 684 ipsum

116 701 265 758 caput
302 695 442 759 prius
481 692 803 757 pungendum
842 699 920 741 est
954 694 1006 740 in
1038 693 1284 757 occipiti0‚
1322 699 1379 741 ut
1412 693 1568 742 effuso
1599 694 1806 742 humore

116 769 320 816 vastitas
375 768 551 832 capitis
599 767 930 815 deminuetur.
1008 767 1052 814 si
1090 773 1257 814 autem
1295 772 1471 815 natura
1510 768 1692 831 grande
1733 775 1810 816 est

117 842 281 906 ipsum
345 849 494 906 caput
558 855 707 890 manu
762 839 1184 903 confrangendum
1239 847 1328 888 est.
1419 840 1623 890 mollitia
1678 843 1810 890 enim

120 914 280 964 adhuc
319 929 548 964 ossorum
587 914 730 963 facile
770 914 947 963 cedere
979 922 1158 977 potest.
1235 915 1278 962 si
1316 928 1430 979 non,
1471 917 1617 963 etiam
1657 916 1808 964 ferra·
1834 925 1877 956 10

117 995 286 1038 mento
327 990 557 1053 occipitio
606 988 929 1052 aperiendum
969 994 1045 1036 est
1084 994 1253 1051 caput,
1309 994 1366 1036 ut
1405 988 1561 1037 effuso
1603 989 1810 1037 cerebro

117 1061 335 1112 breviari
382 1068 530 1127 caput
575 1063 747 1126 possit.
832 1063 875 1110 si
921 1069 1086 1110 autem
1134 1062 1186 1109 in
1234 1061 1465 1110 divexum
1510 1064 1677 1111 iacens
1722 1062 1811 1111 hu-

53 1157 59 1161 ·
120 1151 286 1186 meros
326 1135 565 1186 lateribus
605 1135 775 1184 vulvae
813 1135 1032 1184 infixerit
1070 1141 1121 1183 et
1161 1134 1320 1183 adhuc
1359 1136 1497 1201 vivit,
1554 1139 1701 1194 etiam
1739 1138 1811 1185 iu-

120 1209 248 1276 gulis
288 1212 396 1260 eius
435 1210 791 1259 ferramentum
828 1210 1034 1273 infigere
1075 1207 1327 1274 debemUS‚
1366 1215 1423 1258 ut
1463 1210 1617 1259 effuso
1659 1210 1812 1259 abun-

121 1283 255 1334 danti
302 1285 540 1349 sanguine
596 1298 778 1348 corpus
828 1285 1025 1332 tenuari
1070 1284 1240 1347 possit.
1326 1298 1439 1331 nam
1484 1284 1575 1333 hac
1622 1287 1812 1333 ratione
1838 1294 1880 1326 15

122 1360 270 1407 etiam
306 1364 531 1407 ventrem
569 1359 727 1421 ipsius
767 1358 1030 1422 aperimus7
1070 1371 1131 1404 ne
1172 1363 1257 1405 aut
1295 1356 1597 1421 hydropicus
1630 1359 1694 1406 sit
1727 1357 1814 1406 sed

121 1441 179 1482 ut
231 1432 492 1481 humorem
548 1431 787 1496 effundat,
843 1437 927 1479 aut
971 1431 1206 1478 intestina
1253 1432 1359 1479 eius
1407 1431 1529 1480 foris
1569 1432 1815 1480 adducere

122 1507 388 1571 possimus,
464 1520 640 1554 manus
697 1506 845 1553 etiam
891 1519 947 1552 ac
993 1503 1167 1568 pedeS,
1223 1505 1352 1552 sicut
1401 1512 1652 1554 retrorsus
1700 1505 1816 1570 dixi,

50 1642 53 1647 .
123 1581 258 1628 intus
308 1579 367 1628 ab
415 1578 638 1628 articulis
688 1578 1034 1643 praecidimus.
1114 1571 1251 1644 (64.)
1293 1576 1360 1640 [si
1397 1594 1515 1628 vero
1554 1578 1815 1643 gravedine

125 1668 215 1702 sua
254 1659 403 1717 caput
441 1653 669 1702 interiori
707 1657 847 1716 parte
886 1651 1057 1700 vulvae
1098 1650 1395 1700 absconsum
1429 1660 1517 1719 est,
1557 1668 1583 1701 a
1616 1660 1816 1717 gutture
1841 1663 1884 1693 ‘20

123 1729 404 1792 praecisum
459 1741 640 1791 corpus
688 1725 859 1775 dextra
906 1740 1054 1774 manu
1100 1724 1404 1775 adducimus
1461 1729 1661 1776 sinistra
1699 1741 1816 1775 vero

127 1808 275 1866 caput
319 1800 414 1850 hoc
454 1799 512 1848 ad
553 1800 799 1850 orificium
837 1799 1099 1864 volvimuS,
1154 1806 1204 1847 et
1243 1806 1327 1848 aut
1367 1800 1735 1864 confrangimus
1775 1802 1819 1849 si

127 1875 311 1940 grande
357 1875 510 1923 fuerit
556 1881 607 1923 et
654 1876 724 1923 sic
771 1873 1010 1939 tollimuS‚
1065 1879 1151 1922 aut
1198 1873 1496 1939 embryulcis
1535 1875 1697 1923 infixis
1738 1875 1817 1923 ad-

127 1947 391 2012 ducimus]

258 2126 280 2163 1
316 2120 525 2177 superius
557 2133 640 2164 om.
673 2120 713 2165 b.
836 2125 862 2163 2
896 2119 936 2163 si
966 2132 1076 2163 vero
1098 2145 1150 2151 —
1168 2124 1197 2163 4
1229 2119 1398 2163 adduci
1428 2133 1510 2164 om.
1537 2101 1578 2164 ZJ
1689 2119 1822 2173 Quod.

46 2220 50 2222 .
133 2179 174 2224 si
202 2193 296 2224 non
325 2194 371 2236 p.
403 2180 444 2223 h.
627 2180 779 2223 totum
810 2179 934 2222 exire
967 2192 1049 2224 om.
1074 2179 1116 2223 h.
1297 2177 1347 2221 in
1378 2181 1604 2234 quantum
1629 2180 1676 2223 b:
1710 2192 1821 2234 quo-

46 2256 55 2288 .·
132 2238 271 2283 modo
303 2239 345 2282 h.
475 2243 501 2282 3
534 2237 599 2282 sic
631 2237 774 2282 etiam
805 2237 986 2294 precidi
1015 2238 1173 2294 potest
1202 2236 1431 2294 paulatim
1463 2238 1675 2306 adducti—
1686 2251 1821 2281 omne

45 2332 50 2334 ·
134 2312 316 2357 concidi
345 2314 388 2358 h.
539 2317 568 2355 4
599 2311 637 2355 si
667 2325 750 2356 om.
785 2312 814 2357 l.
957 2324 1110 2367 neque
1133 2311 1330 2367 regirari
1359 2313 1402 2357 h.
1536 2319 1561 2357 6
1602 2313 1674 2356 int
1718 2313 1821 2355 cute

50 2393 54 2402 =
134 2372 161 2415 b
194 2372 261 2428 (in
292 2373 421 2416 cutes
451 2372 521 2427 h):
553 2371 781 2416 intracete
815 2372 915 2427 (sic)
950 2372 977 2416 1.
1150 2370 1288 2427 ipsud
1321 2372 1358 2415 b.
1527 2377 1554 2416 8
1587 2370 1824 2415 deminuet

61 2487 67 2491 .
134 2431 206 2474 bl:
238 2430 514 2475 subcumbat
543 2431 584 2474 h.
730 2435 755 2473 9
789 2429 1187 2485 confi-augendum
1222 2431 1319 2486 (sic)
1354 2430 1454 2474 blh.
1601 2435 1654 2474 10
1686 2429 1822 2473 facile

65 2503 67 2506 ·
135 2489 296 2534 cedere
337 2491 410 2534 bl:
465 2489 604 2533 facile
645 2488 858 2534 celeriter
903 2489 1026 2533 exire
1065 2490 1107 2533 h.
1291 2494 1341 2533 11
1393 2491 1474 2534 est.
1516 2490 1582 2533 sic
1623 2489 1745 2533 enim
1784 2502 1823 2531 e.

137 2549 424 2604 e....p0test
452 2549 494 2592 h.
679 2553 732 2591 13
772 2548 975 2592 infixerit
1003 2549 1053 2592 h:
1097 2547 1250 2592 infans
1276 2549 1364 2592 erit
1399 2550 1446 2600 b,
1492 2548 1557 2604 (in
1593 2549 1623 2593 1.
1660 2549 1722 2604 v.)
1756 2546 1823 2590 in-

136 2606 240 2651 fans
271 2606 487 2652 habuerit
517 2608 544 2651 Z.
692 2606 813 2651 vivit
844 2608 928 2652 bh:
961 2607 1093 2651 vivat
1124 2609 1151 2652 l.
1300 2612 1355 2651 14
1386 2608 1572 2664 effigere
1606 2609 1645 2652 b.
1771 2610 1823 2649 16

49 2681 55 2684 ’
142 2665 289 2722 ipsius
322 2667 398 2711 lh:
430 2665 583 2723 ipsum
617 2667 656 2710 b.
805 2680 863 2710 ne
896 2669 977 2711 aut
1005 2666 1120 2722 ydro
1148 2667 1155 2724 Ι
1182 2667 1331 2723 possit
1360 2668 1410 2722 h,
1454 2681 1512 2710 ne
1545 2670 1627 2710 aut
1656 2666 1825 2722 ydrops

143 2725 206 2768 sit
236 2727 276 2781 b,
313 2740 372 2770 ne
402 2726 542 2782 ydros
576 2726 636 2769 sit
668 2726 696 2770 1.
830 2726 912 2770 sed
942 2739 1024 2771 om.
1058 2726 1100 2770 h.
1227 2732 1278 2770 17
1313 2730 1394 2770 aut
1424 2727 1473 2769 h:
1506 2727 1554 2769 et
1584 2726 1647 2769 bl.
1771 2728 1824 2766 18

144 2795 386 2839 possumus
419 2785 521 2829 bzh.
675 2789 729 2828 19
763 2784 802 2828 si
833 2798 944 2829 vero
969 2810 1024 2817 —-
1051 2789 1108 2828 24
1140 2783 1413 2829 adducimus
1444 2786 1494 2828 hz
1527 2798 1609 2829 om.
1643 2784 1704 2827 bl.

53 2887 64 2890 ,
151 2841 202 2885 Si
234 2857 340 2888 vero
371 2843 722 2899 sinagmandine
755 2858 837 2888 sua,
869 2858 905 2889 c.
941 2844 1040 2899 (sic)
1073 2845 1113 2887 h.
1238 2849 1293 2887 22
1324 2843 1537 2887 volumus
1568 2843 1608 2886 h.
