2014 3162
731 133 1125 186 —355—

86 271 182 318 τῶν
227 260 479 334 γυναικῶν
529 263 618 332 οὐχ
668 263 830 332 ὥσπερ
877 266 955 317 ἐπὶ
999 271 1098 318 τῶν
1137 265 1335 334 ἀνδρῶν
1374 268 1494 320 καθ’
1538 268 1778 339 ἁρμονίαν

86 345 433 415 συμπεφύκασι
486 345 543 399 τὰ
589 353 675 414 τῆς
720 345 849 414 ἥβης
898 345 1036 409 ὀστᾶ,
1091 345 1212 400 ἀλλὰ
1261 347 1529 417 σύνδεσμος
1580 351 1776 420 ἰσχυρὸς

84 434 236 480 ταῦτα
281 426 403 496 πρὸς
449 427 630 495 ἄλληλα
678 431 860 480 συνδεῖ.
939 428 1020 479 καὶ
1072 427 1205 497 παρὰ
1243 427 1295 482 τὸ
1335 430 1613 499 κοιλότερον
1654 430 1778 485 εἶναι

86 508 173 563 τὸν
210 507 332 562 κατὰ
370 507 461 577 τὴν
500 508 666 576 ὀσφὺν
704 507 858 562 τόπον
896 510 979 560 καὶ
1017 511 1332 577 παραπιέζειν
1370 510 1460 579 τὴν
1499 511 1702 580 μήτραν.

198 596 283 644 57.
334 588 365 658 3}
406 589 540 659 παρὰ
578 588 634 642 τὰ
675 591 729 642 έν
766 596 831 663 τῷ
871 587 1055 659 σώματι
1093 589 1124 659 ἢ
1167 590 1302 655 ἐντὸς
1340 590 1373 659 3}
1414 592 1571 659 ἐκτός,
1618 593 1776 662 ἤγουν
1800 617 1821 650 5

82 670 217 741 παρὰ
263 670 316 725 τὸ
363 670 672 739 κατάσαρκον
717 673 800 723 καὶ
846 675 1171 739 καταπίμελον
1211 670 1336 725 εἶναι
1374 671 1464 741 τὴν
1501 678 1777 731 τίκτουσαν.

81 752 139 805 τοὶ
188 753 242 805 δὲ
288 752 422 816 ἐκτὸς
468 759 554 806 τοῦ
602 752 844 820 σώματος,
894 751 1001 807 οἷον
1052 752 1134 806 διὰ
1175 753 1226 808 τὸ
1268 753 1333 823 μὴ
1375 756 1778 824 προεργάσασθαι

81 832 133 886 τὸ
185 841 467 903 γυναικεῖον
521 833 552 901 ἢ
608 835 661 886 έν
716 835 893 901 μέθαις
948 837 1170 887 εἰθίσθαι
1217 833 1248 903 3}
1302 834 1597 904 ἀγρυπνίαις
1642 836 1674 906 3}
1722 838 1776 892 τὸ

82 913 404 984 ὑπέρψυχρον
449 917 531 967 καὶ
577 914 854 983 χειμερινὴν
901 913 1024 967 εἶναι
1074 915 1165 984 τὴν
1214 915 1347 983 ὥραν
1385 919 1467 969 καὶ
1514 917 1596 971 διὰ
1634 925 1775 973 τοῦτο

80 1001 398 1053 πυκνοῦσθαι
443 994 558 1058 τοὺς
603 995 814 1065 πόρους,
863 993 896 1064 3}
936 994 989 1049 τὸ
1030 994 1343 1065 ὑπέρθερμον
1381 1000 1463 1049 καὶ
1503 1000 1774 1068 ἐκλυτικήν,
1800 1023 1842 1054 10

79 1074 113 1144 ἢ
155 1075 351 1148 ἀπειρία
389 1080 535 1145 μαίας
573 1075 605 1145 ἢ
647 1080 829 1143 ἰατροῦ.

193 1158 291 1227 ἤδη
333 1159 387 1211 δὲ
425 1161 506 1211 καὶ
539 1157 701 1259 ,Ἃπαρὰ
717 1179 802 1221 τας
842 1156 1027 1222 ὠδῖνας
1065 1164 1292 1229 γίγνεται,
1336 1157 1368 1227 3}
1411 1163 1777 1259 ὃιατεινομένης

50 1291 55 1296 ,
81 1239 278 1308 σφόδρα
315 1246 401 1308 τῆς
440 1238 638 1309 ὑστέρας
670 1263 701 1307 η
735 1239 1099 1307 ἀποσπωμένου
1131 1246 1217 1294 τοῦ
1249 1244 1418 1309 χορίου
1450 1239 1548 1294 ἀπὸ
1574 1241 1775 1311 μήτρας,

25 1311 37 1318 „
78 1318 110 1388 ἢ
157 1343 251 1391 γαρ
305 1319 507 1389 ἀθρόως
554 1319 827 1419 προιόντος
859 1318 890 1389 ἢ
942 1320 1064 1373 κατὰ
1113 1322 1256 1390 μέρος
1305 1320 1396 1389 τὴν
1435 1321 1626 1390 μήτραν
1663 1327 1770 1376 θλί-

79 1407 269 1471 βοντος.
358 1403 440 1455 καὶ
488 1423 622 1470 παρα
669 1400 721 1455 τὸ
770 1400 835 1469 μὴ
882 1403 1248 1470 καταφέρεσθαι
1293 1401 1344 1455 τὸ
1393 1401 1512 1471 αἷμα
1560 1402 1643 1456 διὰ
1689 1410 1774 1472 τῆς
1797 1425 1840 1458 15

79 1483 262 1554 μήτρας
308 1487 376 1546 εἰς
420 1482 473 1536 τὸ
521 1482 711 1552 χόριον,
763 1481 867 1535 ἀλλ’
912 1485 966 1535 έν
1005 1482 1172 1546 αὐτοῖς
1210 1491 1310 1546 τοῖς
1349 1487 1417 1547 εἰς
1455 1483 1545 1552 τὴν
1585 1484 1773 1554 μήτραν

80 1564 407 1633 διαπεφυκόσι
454 1564 726 1633 φλεβώδεσι
779 1566 863 1617 καὶ
916 1563 1235 1633 ἆρτηριώδεσι
1274 1565 1505 1632 μένοντος
1542 1567 1623 1618 καὶ
1665 1570 1768 1618 δια-

78 1650 320 1710 τείνοντος
364 1645 422 1699 τὰ
469 1645 652 1716 ἀγγεῖα.
731 1646 834 1698 ἐπεὶ
879 1647 963 1697 καὶ
1007 1644 1141 1713 παρὰ
1187 1643 1277 1713 τὴν
1326 1644 1480 1712 ἄλλην
1519 1643 1772 1715 ἀλγηδόνα

78 1731 307 1798 γίγνεται,
347 1725 413 1790 ὦς
452 1728 692 1797 ἐλέγομεν,
760 1730 1006 1780 δυστοκία.
1047 1724 1278 1795 ἆλγηδών
1319 1727 1371 1779 δὲ
1411 1724 1487 1779 ὁτὲ
1527 1727 1616 1794 μὲν
1655 1727 1772 1795 μετὰ

78 1807 368 1877 πνεύματος,
407 1805 483 1861 ὁτὲ
523 1809 578 1861 δὲ
617 1806 732 1876 μετὰ
770 1807 1044 1877 πνεύματος
1076 1810 1335 1876 συμβαίνει
1365 1808 1447 1859 καὶ
1477 1806 1562 1870 τὰς
1588 1806 1772 1872 ὠδῖνας
1794 1830 1837 1861 20

82 1894 354 1959 γίγνεσθαι.

194 1970 381 2024 τούτων
427 1965 519 2024 οὖν
566 1971 821 2040 ῥηθέντων
865 1976 963 2023 τῶν
1016 1973 1186 2023 αἰτίων
1224 1968 1387 2032 οὐδείς
1426 1971 1553 2022 ἔστιν
1592 1967 1618 2023 ὁ
1658 1968 1771 2023 ἆντ-

82 2055 269 2120 ερείσας
322 2053 404 2104 καὶ
458 2049 701 2104 ἀντειπὼν
754 2050 874 2104 ἀλλὰ
927 2052 1010 2103 καὶ
1065 2049 1374 2120 μαρτυρήσας
1418 2052 1502 2103 καὶ
1548 2054 1771 2119 στηρίξας

81 2130 204 2185 αὐτὰ
245 2130 310 2195 ὥς
348 2131 550 2200 ἀληθῶς
589 2134 788 2202 λέγοιτο.
850 2136 893 2186 εἰ
930 2131 995 2201 μὴ
1037 2132 1132 2200 ἄρα
1170 2134 1253 2184 καὶ
1291 2135 1493 2194 δικαίως
1531 2134 1586 2184 ἐν
1616 2131 1768 2205 τούτῳ

81 2217 402 2282 μεμψαίμεθα
424 2213 538 2277 τούς
556 2211 624 2265 Ἡ
628 2217 865 2282 ροφιλεί
871 2236 972 2277 ους
981 2253 996 2281 ,
1029 2215 1133 2266 ἐπεὶ
1166 2211 1400 2280 δυνάμεις
1424 2213 1769 2279 έπιλεληθυίας
1792 2232 1835 2266 25

259 2339 350 2402 ἥβη
356 2361 378 2395 ς
409 2339 522 2388 ὀστᾶ
556 2345 683 2388 Aeta
718 2358 806 2389 om
842 2357 879 2389 c.
1001 2347 1028 2387 5
1060 2343 1241 2387 hiantia
1270 2341 1386 2386 haec
1418 2341 1673 2386 adduntur!
1706 2341 1764 2386 cf

0 2388 29 2420 ἶ·
80 2349 767 2459 18.1;.Ι21,17,6.7οἶον
800 2403 969 2446 παιδία
1001 2398 1052 2446 τὸ
1087 2398 1147 2459 μὴ
1182 2399 1545 2458 προηγήσασθαι
1576 2396 1628 2445 τὸ
1663 2417 1766 2457 γυν.

82 2463 160 2518 (so.
196 2464 385 2519 οἴκημα)
413 2477 437 2507 c
470 2462 587 2519 (scil
613 2462 724 2518 quia
748 2461 837 2506 sibi
862 2463 971 2506 ante
995 2475 1088 2506 non
1110 2460 1464 2531 praeparaverit
1487 2459 1766 2516 cubiculum,

77 2523 133 2566 ut
163 2521 358 2577 opinor).
482 2526 508 2565 8
542 2518 594 2566 ἐν
628 2535 714 2566 om.
748 2520 799 2564 E.
925 2525 978 2564 12
1011 2515 1040 2577 ἢ
1074 2519 1133 2564 E:
1168 2535 1283 2564 οταν
1315 2516 1405 2589 γὰρ
1436 2518 1518 2563 καὶ
1549 2532 1587 2563 ο.
1712 2523 1765 2562 13

78 2580 162 2636 τῆς
183 2578 390 2652 ὑστέρας
421 2580 526 2625 add.
559 2581 609 2624 E.
773 2585 829 2623 14
862 2574 890 2636 ἢ
922 2575 1012 2636 γὰρ
1045 2575 1128 2623 ἄνθ’.
1162 2576 1435 2654 προσιόντος
1468 2578 1567 2634 (sic)
1598 2579 1706 2647 posi:
1735 2572 1765 2633 ἢ

79 2655 200 2682 κατα
235 2637 374 2696 μέρος
406 2655 443 2684 τ.
477 2638 808 2697 μ.θλ.11ειὶ)εῒ,
831 2653 855 2683 c
870 2639 1011 2710 (corr.
1037 2638 1091 2694 E,
1124 2638 1205 2694 qui
1235 2635 1316 2681 καὶ
1348 2633 1459 2691 ἆθρ.
1485 2634 1766 2693 προιόντος).

141 2702 196 2742 16
230 2703 328 2748 τοῖς
357 2698 463 2743 add.
494 2699 549 2742 E.
673 2702 727 2742 18
758 2715 887 2755 παρα
920 2695 1004 2753 τὴν
1038 2712 1083 2741 οι
1114 2693 1243 2764 παρά
1267 2713 1374 2740 τινα
1403 2696 1456 2741 Ε.
1581 2700 1635 2739 19
1670 2691 1765 2738 ἑλέ-

80 2772 222 2828 γομεν
249 2770 389 2813 supra
414 2771 475 2801 sc.
499 2772 542 2814 p.
564 2761 665 2813 351,
677 2761 865 2801 11-15,
959 2761 1132 2801 19-21
1167 2755 1234 2799 sic
1258 2769 1295 2800 c.
1388 2759 1444 2798 22
1463 2750 1766 2824 ἄντερρήσας

80 2811 370 2918 ί(ἐιῆτντερεείσας
401 2816 686 2861 Herwerden
714 2815 793 2872 1³3²)
825 2812 953 2860 αυτῶ
986 2815 1067 2859 καὶ
1100 2830 1136 2861 c.
1274 2819 1332 2858 24
1363 2810 1510 2858 αυτὸν
1543 2826 1580 2858 e.
1703 2807 1766 2863 ὥς

80 2891 122 2919 α.
157 2891 250 2931 αρα
282 2874 363 2918 καὶ
393 2874 571 2931 λέγοιτο
606 2889 644 2919 c.
759 2880 814 2919 25
848 2871 1138 2932 ἠροφίλζους)
1172 2887 1275 2918 cum
1308 2886 1456 2929 comp
1490 2886 1526 2915 e.
1621 2868 1764 2915 δυνά-

1407 2945 1498 2989 23*
