2014 3162
798 122 1051 175 —277
1138 154 1197 160 —

155 253 465 323 τρεπόμενον.
516 251 616 306 εἶτα
646 253 1028 322 προσανακλάτω
1052 253 1110 307 τὰ
1141 261 1272 308 κῶλα
1303 263 1402 318 τοῖς
1433 259 1660 326 πυγαίοις
1691 274 1843 323 προσ-

159 335 351 405 άγουσα
388 332 474 397 τὰς
512 335 730 403 πτέρνας.
786 337 1020 389 ἐντεῦθεν
1058 336 1112 388 δὲ
1149 337 1233 388 καὶ
1271 341 1517 400 πλατείαις
1547 345 1651 400 ταῖς
1682 338 1844 405 χερσὶν

154 414 231 469 ἐπ’
275 413 475 478 εὐθείας
504 436 553 468 τε
583 417 667 468 καὶ
696 415 819 469 κατὰ
849 415 1186 485 περισπασμὸν
1218 418 1526 485 ἔξομαλιζέτω
1558 417 1649 484 τὴν
1685 417 1844 486 ῥάχιν,

155 494 255 550 εἶτα
291 502 359 568 τῷ
397 495 587 568 μεγάλῳ
623 497 843 568 δακτύλῳ
874 497 1099 551 κατοῖνθεν
1129 496 1227 551 ἀπὸ
1260 501 1559 568 μεσοπυγίου
1591 499 1682 561 ἕως
1712 501 1844 551 ἰνίου

152 576 258 631 κατ’
303 576 543 631 ἆπότασιν
581 581 828 646 θλίβουσα
867 580 1228 633 ἔπικοιλαινέτω
1269 578 1426 647 αὐτὴν
1463 577 1563 632 άπὸ
1602 578 1843 648 τραχήλου
1869 601 1889 634 5

153 660 246 723 ἕως
291 662 427 727 ἱεροῦ
475 658 644 713 ὀστέου
698 658 803 712 κατ’
863 654 1086 727 εὐθεῖαν,
1134 663 1217 713 ἴνα
1271 659 1387 729 μετὰ
1433 666 1521 714 τοῦ
1572 659 1847 728 εὐπρεποῦς

153 742 236 793 καὶ
275 738 306 808 ἡ
347 738 446 808 μετ’
491 739 773 808 εὖκινησίας
807 747 906 794 τῶν
936 732 1236 809 σφονδύλων
1266 740 1500 804 σύνθεσις
1530 739 1846 810 ἀποτελεσθῇ.

155 819 271 889 μετὰ
322 822 376 873 δὲ
420 827 569 874 ταῦτα
616 819 698 874 διὰ
744 827 832 874 τοῦ
881 822 1092 892 μεγάλου
1138 825 1220 875 καὶ
1267 829 1470 892 λιχανοῢ
1510 821 1752 875 δακτύλου
1789 820 1847 874 τὰ

155 903 265 970 περὶ
294 900 352 954 τὰ
389 909 576 971 πυγαῖα
616 909 722 964 ταῖς
751 903 1026 969 ἐμπιέσεσιν
1058 902 1345 972 εὐπρεπείας
1376 906 1517 956 ἕνεκα
1547 904 1848 969 κοιλαινέτω,

157 983 582 1051 συνεστραμμένης
621 983 676 1035 δὲ
714 988 799 1051 τῇς
836 983 995 1053 χειρὸς
1033 986 1263 1055 ἐπαγωγῇ
1293 983 1352 1036 τὰ
1381 981 1504 1052 ὑπὲρ
1536 982 1620 1036 τὸν
1648 985 1848 1051 ἔσχατον
1872 1007 1916 1039 10

161 1070 246 1132 τῆς
284 1063 468 1134 ῥάχεως
511 1062 796 1131 σφόνδυλον
834 1062 1112 1132 λεληθότως
1150 1064 1479 1130 ἆπωθείσθω,
1525 1063 1649 1131 πρὸς
1686 1063 1738 1117 τὸ
1779 1062 1845 1131 μὴ

161 1146 395 1214 γενέσθαι
431 1143 690 1213 λόρδωσιν,
731 1143 856 1198 οὕτω
891 1146 944 1198 δὲ
975 1147 1057 1198 καὶ
1087 1145 1209 1198 κατὰ
1240 1144 1400 1199 νώτου
1431 1147 1514 1198 καὶ
1545 1146 1848 1213 μεταφρένου

156 1226 298 1295 χάριν
350 1231 438 1279 τοῦ
495 1225 810 1293 δυσεξύβωτα
862 1228 945 1279 καὶ
1000 1226 1065 1295 μὴ
1122 1225 1357 1294 ἀνώμαλα
1406 1224 1545 1279 εἶναι.
1633 1224 1748 1293 μετὰ
1797 1226 1849 1278 δὲ

156 1314 305 1360 ταῦτα
358 1307 411 1361 τὸ
465 1307 703 1375 κεφάλιον
747 1313 943 1376 πρῶτον
990 1308 1079 1376 μὲν
1124 1306 1246 1360 κατὰ
1291 1306 1604 1377 περιαγωγὴν
1651 1308 1849 1378 ἑκατέρα

157 1390 278 1457 χειρὶ
330 1389 527 1457 τριβέτω
584 1385 914 1457 στρογγύλως,
977 1387 1204 1458 δεύτερον
1260 1390 1313 1441 δέ
1365 1410 1470 1451 πως
1523 1386 1846 1441 ὑποτυπούτω
1872 1410 1915 1444 15

156 1470 270 1523 ποτὲ
318 1470 406 1537 μὲν
453 1471 502 1532 ἐξ,
552 1468 822 1523 ἀντιθέτων
859 1475 955 1522 τῶν
993 1475 1169 1538 χειρῶν
1205 1464 1237 1540 ᾗ
1278 1470 1367 1537 μὲν
1404 1467 1510 1522 κατ’
1553 1472 1684 1522 ἰνίου
1723 1463 1755 1540 ᾗ
1795 1469 1849 1521 δὲ

160 1549 282 1603 κατὰ
323 1549 548 1618 μετώπου
586 1550 888 1620 τασσομένῃ,
934 1551 1049 1604 ποτὲ
1097 1551 1152 1603 δὲ
1190 1545 1223 1621 ᾗ
1262 1551 1351 1619 μὲν
1390 1549 1512 1603 κατὰ
1551 1556 1777 1618 κορυφῆς
1814 1543 1848 1622 ᾖ

160 1632 214 1684 δὲ
251 1629 338 1684 ὑπ’
374 1629 676 1701 ἀνθερεῶνα.
732 1630 1064 1699 εὐρυθμιζέτω
1098 1632 1152 1683 δὲ
1185 1635 1354 1695 δεξιῶς
1384 1630 1438 1684 τὸ
1469 1635 1690 1699 κρανίον,
1731 1629 1851 1683 ὥστε

159 1711 224 1780 μὴ
271 1711 661 1781 προμηκέστερον
720 1710 752 1780 ἢ
809 1711 967 1779 φοξὸν
1013 1711 1414 1781 ἀποτελεσθῆναι.
1509 1713 1624 1766 ποτὲ
1670 1712 1724 1765 δὲ
1769 1713 1852 1764 καὶ

160 1800 349 1846 κινείτω
374 1797 771 1863 προσεπαίρουσα
798 1792 851 1846 τὸ
875 1792 1114 1860 κεφάλιον
1137 1795 1220 1846 καὶ
1243 1792 1553 1860 ἆποτεινέτω,
1578 1796 1851 1863 γυμνασίας
1875 1816 1919 1847 20

166 1875 308 1926 ἕνεκα
359 1879 456 1926 τῶν
510 1873 748 1928 τενόντων
801 1875 884 1927 καὶ
934 1873 1176 1942 κινήσεως
1228 1880 1327 1927 τῶν
1382 1873 1703 1942 σφονδύλων,
1748 1874 1853 1926 ἐπεὶ

172 1953 237 2007 δι’
283 1956 460 2007 ἑαυτοῦ
497 1961 646 2008 ταῦτα
683 1954 741 2008 τὰ
779 1954 901 2024 με’ρη
940 1963 1097 2008 κινεῖν
1134 1954 1375 2008 ἀδυνατεῖ
1405 1954 1458 2008 τὸ
1497 1954 1694 2023 νήπιον.

276 2041 396 2089 103.
465 2035 651 2090 τούτων
694 2037 748 2089 δὲ
787 2039 1136 2104 ἐπιμεληθεῖσα
1176 2035 1416 2106 στρεφέτω
1455 2034 1508 2089 τὸ
1549 2033 1734 2105 βρέφος
1771 2035 1854 2086 καὶ

280 2215 306 2255 3
340 2209 422 2254 καὶ
453 2206 575 2255 κατὰ
609 2209 668 2254 E:
710 2210 791 2254 καὶ
822 2207 879 2254 τὰ
914 2225 951 2255 ο.
1103 2216 1132 2254 4
1165 2207 1460 2268 μεσοπυγὲου
1493 2210 1540 2266 (i.
1576 2223 1614 2254 e.
1647 2209 1795 2265 -αίου)
1830 2221 1855 2251 c

163 2271 232 2327 (uh
265 2284 407 2327 supra
437 2267 663 2327 πυγέοις).
802 2273 829 2314 5
861 2266 1136 2326 καταπόσην
1167 2271 1354 2327 θλίβειν
1386 2283 1410 2314 0
1443 2270 1576 2325 (corr.
1610 2268 1733 2325 DE).

161 2324 313 2384 αὐτὴν
343 2328 403 2372 E:
436 2326 521 2385 τὴν
556 2343 592 2374 e.
725 2334 750 2373 6
785 2329 864 2373 ἵνα
896 2324 926 2384 ἡ
959 2326 1076 2385 μετὰ
1108 2330 1192 2373 τοῦ
1225 2325 1468 2385 ἀπρεποῦς
1500 2342 1525 2373 c
1558 2329 1690 2384 (corr.
1724 2327 1794 2383 E).

163 2393 186 2433 7
221 2384 506 2444 εὐκινήσεως
540 2403 564 2432 c
596 2390 727 2444 (corr.
755 2387 826 2445 E).
949 2384 1224 2432 σπονδύλων
1250 2402 1274 2433 o
1307 2387 1440 2443 (item
1470 2386 1623 2443 infra).
1748 2382 1855 2430 σύν-

161 2448 288 2499 δεσις
318 2447 371 2491 R.
406 2462 480 2504 ap.
513 2446 573 2491 Ε2
603 2463 648 2504 p.
673 2452 746 2492 46.
880 2452 905 2491 9
940 2442 1189 2505 εὖτρεπίας
1221 2460 1245 2490 c
1278 2448 1410 2503 (corr.
1443 2447 1511 2503 E).
1638 2450 1691 2489 12
1725 2442 1854 2502 γενέ-

162 2509 262 2550 σθω
295 2520 319 2550 c
351 2507 483 2562 (corr.
516 2507 590 2564 D).
739 2511 791 2551 13
826 2503 1135 2564 δυσεξώβωτα
1168 2521 1193 2552 0
1225 2508 1359 2562 (corr.
1391 2506 1465 2563 E).
1610 2501 1671 2562 μὴ
1707 2519 1797 2549 om.
1831 2517 1856 2548 c

162 2565 285 2622 (add.
318 2565 388 2621 E).
542 2572 599 2610 14
629 2561 932 2637 περὶάγωχὴν
965 2579 990 2609 o
1023 2567 1129 2622 (om.
1163 2563 1284 2610 κατὰ
1317 2566 1443 2622 quod
1474 2565 1580 2610 add.
1613 2564 1735 2620 DE).

163 2629 218 2668 15
248 2620 563 2669 ὑποτυπούτω
596 2625 656 2670 E:
689 2621 782 2669 υπὸ
815 2641 868 2668 το
902 2619 1018 2669 αὐτὸ
1047 2639 1084 2671 c.
1209 2629 1263 2668 16
1298 2620 1644 2678 ἔξαντιθέντων
1670 2636 1694 2666 c
1720 2624 1853 2678 (corr,

163 2683 234 2740 E).
368 2688 421 2728 17
461 2681 490 2740 ἡ
524 2684 608 2741 (sic
639 2685 823 2741 quater)
865 2719 875 2729 .
899 2719 908 2730 .
927 2720 936 2730 .
962 2680 1226 2741 τασσομένη
1260 2697 1284 2728 c
1316 2685 1448 2739 (corr.
1482 2683 1550 2740 E).
1685 2675 1855 2751 18,άν-

163 2738 342 2798 θεριιὸν
373 2756 398 2786 c
431 2743 562 2798 (corr.
587 2744 662 2799 D).
785 2747 839 2787 21
874 2740 1087 2788 τενώτων
1120 2757 1144 2787 c
1176 2744 1310 2800 (corr.
1335 2744 1406 2800 D).
1530 2747 1584 2786 22
1619 2735 1685 2785 δι’
1706 2738 1854 2783 αυτοῦ

164 2814 188 2844 o
220 2802 355 2855 (corr.
387 2799 456 2857 E).
614 2807 670 2847 23
701 2799 883 2846 τούτων
915 2800 968 2847 δὲ
1001 2802 1064 2847 D:
1096 2798 1280 2847 τούτου.
1321 2803 1415 2846 τῶν
1447 2799 1500 2846 δὲ
1534 2814 1572 2844 c.
1696 2795 1854 2854 ἐπιμε-

162 2861 390 2916 ληθείσας
420 2859 627 2918 τρεφέτω
660 2875 685 2906 c
718 2862 850 2917 (corr.
886 2860 956 2914 Ε).
