2014 3162
778 111 1174 164 —151—

159 241 297 301 ponis
320 241 376 297 Π,
393 244 463 284 22.
498 253 555 283 ex
569 238 771 296 plurimo
787 240 928 286 melle

161 304 211 347 et
241 276 425 345 modi’co
457 299 561 344 oleo
585 297 773 342 faenum
798 314 927 356 grae-

118 370 122 374 ·
157 374 269 404 cum
308 359 532 403 elixatum
574 370 679 401 cum
709 357 929 414 palmulis

160 422 309 464 terere
327 420 375 462 eb
387 416 593 462 admixto
607 416 789 462 modico
806 431 928 474 pane

159 477 372 535 bepidum
396 475 684 532 cabaplasma
706 475 928 533 inponere

163 537 239 582 vel
255 534 483 581 artofaoio
502 534 619 592 (-gi1'1
636 535 703 589 bl)
717 535 929 592 frequen-

157 595 252 640 tius
283 594 366 639 uti.
399 595 461 638 ib.
508 594 564 648 cf.
601 592 722 638 Cass.
757 593 856 639 Fez.
888 608 925 639 c.

159 657 334 701 2232
382 653 495 709 (ind.
528 666 562 697 s.
607 649 926 723 ἄρτοφάκιον.·

155 716 226 759 sic
256 714 375 757 enim
407 713 528 768 leyas
551 707 844 767 ἄρτοφάκιον
875 714 927 757 id

158 778 223 818 est
253 785 309 816 ex
336 771 560 816 lenticula
585 772 632 815 61.
654 785 777 827 pane
801 773 926 816 cata-

153 832 350 889 plasma.
383 830 440 885 cf.
466 830 592 887 apud
615 829 762 886 Hipp.
796 831 925 876 lenti-

159 891 287 936 culae
317 891 543 934 decoctum
565 889 618 933 in
634 890 821 945 potione
843 890 925 934 da-

159 954 258 994 tum
287 949 407 1006 quod
437 952 501 992 est
531 944 708 1003 φάκιον
746 949 800 993 de
838 962 926 1005 quo

156 1008 288 1053 Foes.
348 1007 443 1052 Oec.
500 1006 647 1063 Hipp.
701 1020 736 1051 s.
793 1008 923 1081 φακῆ

155 1063 316 1140 ὀξείῃ).
380 1066 480 1111 Aet.
520 1070 573 1119 8,
604 1069 666 1111 42
713 1062 791 1110 ἐπὶ
838 1064 924 1123 μὲν

159 1120 245 1171 οὖν
275 1126 368 1170 τῶν
401 1125 649 1199 βρεφῶν..
671 1120 795 1170 ,ὅσοι
826 1135 924 1181 ψω-

159 1187 368 1256 μίζουσιν
423 1181 478 1228 αἴ
521 1189 744 1254 γυναῖκες
791 1185 922 1255 φακῆ

158 1242 276 1302 μετὰ
310 1241 520 1315 βραχέως
549 1239 717 1299 ἄρτου.
775 1230 923 1299 -(φα-

158 1320 289 1355 awos
312 1299 452 1358 ἄρτος
467 1303 629 1347 Athen
648 1302 743 1356 IV,
760 1280 925 1357 154ι1).

156 1364 491 1419 cataplasmata
522 1357 624 1417 μετ’
651 1377 796 1417 αρτου
829 1362 926 1406 alia

158 1423 216 1477 cf.
249 1422 350 1467 Sor.
382 1434 450 1478 9⁹⁴.
485 1421 531 1474 Ι,
557 1424 646 1465 121
672 1420 730 1464 R.

129 1481 350 1527 ascellae
382 1476 651 1536 (μασχάλαι)
687 1484 783 1524 102.
841 1480 926 1524 sub

155 1540 330 1585 ascella
374 1539 537 1583 dexbra
581 1539 641 1582 ib.
710 1537 927 1582 manibus

159 1599 245 1643 sub
278 1597 472 1642 ascellas
504 1596 656 1640 missis
687 1597 743 1651 ΙΙ,
771 1602 840 1653 18,
858 1601 924 1641 10.

127 1657 401 1703 assellaree
467 1656 507 1699 si
551 1669 660 1700 vero
714 1655 928 1712 plurimis

160 1717 323 1762 diebus
354 1730 448 1760 non
478 1714 621 1760 fuerit
652 1715 925 1760 assellabum

158 1777 253 1832 (sol.
286 1777 331 1832 h)
368 1779 464 1820 141.

127 1835 330 1880 austere
362 1835 415 1878 bl
446 1834 521 1890 (=
535 1835 770 1878 austerum
786 1834 833 1890 h)
854 1838 926 1879 84.

129 1894 242 1939 axis
266 1893 516 1951 (dioptrae)
543 1897 670 1937 33=
688 1888 712 1936 ὃ
739 1893 927 1949 κοχλίας

159 1954 276 2010 (Aet.
311 1956 391 2007 16,
416 1955 556 1996 90=
585 1952 722 1997 Paul.
756 1955 808 2006 6,
833 1954 922 2007 73).

127 2070 264 2117 basis
296 2072 404 2127 (acc.
430 2073 512 2129 pl.)
545 2069 924 2115 haemorroidum

157 2130 302 2187 H,30.
336 2131 392 2185 cf'.
422 2130 544 2176 Cass.
572 2130 672 2174 Fez.
705 2143 741 2174 c.
767 2132 846 2174 22.
867 2156 922 2161 -

156 2189 292 2234 bases
332 2189 408 2246 (-is
442 2191 473 2246 l)
514 2188 754 2235 oculorum
784 2189 920 2242 11,1.

156 2253 212 2293 23
247 2250 322 2306 (=
346 2249 526 2294 radices
559 2249 616 2303 II,
642 2252 668 2291 2
702 2247 800 2292 Sor.
811 2223 924 2302 2'58,

155 2311 245 2378 16).
302 2308 425 2353 basis
457 2283 684 2365 (matricis
716 2306 922 2351 sinus=

127 2363 400 2471 ὴῖιέῐέξῖιές.)
432 2367 564 2470 ISIeffa
576 2371 675 2470 817061
703 2424 924 2469 basterna

159 2485 219 2542 (h,
251 2485 368 2529 sella
399 2485 644 2529 sternimus
669 2485 717 2528 615
741 2484 810 2539 bl)
845 2497 923 2528 eas

160 2545 345 2600 gestare
376 2543 588 2588 iubemus
621 2543 677 2598 ΙΙ,
706 2548 743 2586 1.

129 2601 259 2647 boba
291 2603 370 2659 (?):
401 2603 610 2647 radicum
641 2578 791 2646 b’obae
825 2602 923 2658 (bo-

155 2661 215 2705 be
247 2662 288 2719 b,
311 2660 441 2721 (alte
473 2662 578 2707 add.
612 2659 682 2720 l0>
711 2660 867 2719 bobbe
892 2662 924 2716 l)

157 2720 214 2774 Π,
243 2725 265 2763 1
300 2721 375 2776 (=
399 2717 611 2778 μαλάχης
641 2719 741 2764 Sor.
752 2733 803 2775 p.
813 2722 925 2773 203,

156 2779 248 2835 14).
310 2779 490 2823 radices
542 2779 696 2823 alteae
742 2778 864 2838 bobe
898 2779 923 2823 b

155 2837 296 2897 (altee
304 2836 458 2897 bobbe
473 2839 600 2883 lcum
614 2838 772 2894 explic.
788 2841 924 2882 antea

1046 242 1255 298 interpol.
1288 243 1338 287 id
1369 247 1442 290 est
1474 245 1691 290 eviscum
1755 247 1812 301 cf.

1047 300 1188 371 Apul.
1221 302 1339 346 herb.
1374 317 1407 347 c.
1436 306 1511 360 39)
1543 305 1603 349 ib.
1637 306 1711 361 (=
1730 322 1812 362 μα-

1046 361 1190 416 λαχης
1220 359 1318 404 Sor.
1345 375 1395 417 p.
1421 364 1641 419 207,10).

1019 418 1252 463 breviare
1285 422 1426 476 caput
1454 420 1511 476 II,
1540 426 1606 475 19,
1632 427 1702 466 29.

1019 477 1214 523 brevis.
1263 478 1315 521 in
1354 478 1565 523 cubiculo
1597 457 1727 524 brevi
1758 482 1814 537 ΙΙ,

1053 542 1108 580 10
1141 540 1215 592 (---
1240 535 1494 595 μικροτέρῳ
1513 537 1611 582 Sor.
1630 543 1739 592 217,
1753 542 1812 592 8).

1016 595 1227 641 buccae:
1290 596 1506 641 ruborem
1559 597 1608 640 in
1658 598 1814 642 buccis

1048 655 1196 711 (='1n
1226 654 1363 712 facie)
1395 655 1574 700 habent
1602 661 1672 701 23.

1017 831 1345 878 calfactiones
1391 834 1454 887 ΙΙ,
1494 838 1523 877 4
1577 834 1651 888 (--
1691 832 1815 889 χλιά-

1047 906 1198 947 σματα
1231 891 1329 936 Sor.
1363 896 1475 946 230,
1499 894 1565 949 2).
1610 893 1664 946 cfi
1696 891 1814 936 Cael.

1018 950 1336 995 calicularist
1358 951 1531 994 herbae
1551 950 1815 995 calicularis

1046 1012 1128 1053 aut
1159 1008 1445 1066 plantaginis
1478 1010 1535 1062 ΙΙ,
1561 1014 1631 1053 23.
1696 1011 1816 1053 sicut

1049 1066 1167 1112 Cael.
1194 1068 1351 1113 Λατοῖ.
1379 1069 1468 1113 chr.
1495 1044 1571 1122 ΙΙ,
1592 1071 1687 1113 203
1712 1068 1814 1112 her-

1044 1127 1131 1171 bae
1172 1126 1436 1172 calicularis
1478 1141 1619 1183 quam
1651 1125 1817 1171 Graeci

1046 1181 1231 1243 ἕλξίνην
1264 1187 1320 1243 (5³)
1361 1186 1531 1231 vocant
1572 1187 1653 1230 aut
1683 1185 1815 1243 plan-

1042 1245 1217 1302 taginis
1259 1247 1440 1302 (contra
1477 1247 1657 1301 fluoeum
1695 1248 1814 1289 uter-

1046 1308 1159 1361 que).
1204 1317 1340 1360 quam
1372 1304 1531 1348 Simon
1562 1305 1672 1348 Ian.
1705 1316 1740 1349 s.
1773 1317 1814 1347 v.

1049 1362 1352 1408 ‘Calicularis
1364 1362 1710 1420 D(i0scorides).
1722 1361 1815 1405 ius-

1048 1420 1815 1537 fffffssffiu⁸1tgffi⁰ffiaessssffiffissff

1048 1555 1150 1584 mus
1193 1540 1320 1596 greci
1351 1553 1491 1596 quam
1522 1539 1672 1583 nostri
1704 1538 1815 1583 cali-

1049 1599 1204 1643 culare
1251 1599 1359 1643 etc?
1425 1598 1668 1653 confundit
1715 1611 1816 1642 cum

1047 1658 1307 1703 caniculam·
1337 1658 1367 1701 i.
1386 1671 1418 1702 e.
1445 1658 1718 1714 iusquiamo.
1752 1656 1811 1710 cf.

1046 1718 1178 1771 infra
1208 1730 1242 1763 s,
1276 1716 1431 1774 ginga.

1017 1775 1237 1820 calidus:
1289 1789 1438 1830 aquae
1472 1775 1649 1819 calidae
1682 1775 1738 1827 ΙΙ,
1772 1779 1812 1817 4.

1048 1840 1087 1879 6.
1121 1841 1147 1880 9
1182 1838 1257 1891 (=
1273 1830 1426 1878 ὕδατα
1459 1830 1678 1890 αὐτοφυῆ
1713 1833 1812 1877 Sor.

1046 1898 1161 1948 232,
1185 1899 1227 1939 9.
1262 1897 1370 1948 249,
1396 1898 1468 1939 17.
1500 1897 1608 1947 255,
1633 1893 1701 1947 2).

1001 1961 1222 1998 'cancere
1249 1954 1310 1997 ad
1326 1966 1519 1997 cancera
1543 1953 1615 2007 (bl
1629 1973 1684 1988 =
1702 1967 1814 2007 καρ-

1045 2010 1310 2069 κινώματα,
1349 2025 1515 2056 cancer
1552 2012 1599 2067 h)
1640 2011 1816 2054 utimur

1044 2070 1109 2128 ΙΙ,
1142 2077 1213 2118 22.
1278 2070 1482 2115 canceris
1523 2071 1613 2115 blh
1644 2070 1709 2122 ΙΙ,
1743 2074 1812 2121 22,

1044 2131 1120 2175 sed
1150 2144 1255 2175 ‘mox
1287 2143 1504 2174 cancrum
1534 2130 1594 2174 ib.
1636 2134 1677 2172 ct
1709 2141 1814 2171 can-

1045 2203 1122 2233 cro
1154 2189 1221 2245 ΙΙ,
1246 2194 1316 2243 23,
1378 2189 1483 2233 item
1514 2201 1732 2232 cancrum
1764 2187 1815 2231 bl

1045 2249 1144 2304 (ubi
1175 2261 1340 2292 cancer
1372 2261 1462 2292 acc.
1495 2248 1540 2302 h)
1572 2247 1629 2302 ΙΙ,
1663 2251 1733 2290 31.

1015 2318 1311 2352 cancerare=
1346 2305 1385 2350 si
1418 2305 1621 2362 (vulnus)
1655 2318 1813 2349 cance-

1042 2380 1146 2410 rare
1194 2365 1400 2422 coeperit
1445 2365 1508 2417 ΙΙ,
1534 2368 1605 2408 22.
1685 2363 1725 2407 si
1770 2379 1811 2407 v.

1045 2423 1365 2470 cancel-averit
1417 2424 1478 2467 ib.
1536 2424 1710 2480 (Λατοῖ.
1760 2423 1814 2467 de

1045 2498 1111 2529 ac.
1138 2497 1263 2540 pass.
1294 2497 1342 2539 p.
1375 2485 1435 2526 46
1466 2481 1623 2538 Dar.).

1017 2542 1304 2588 canceratio
1337 2542 1396 2598 ΙΙ,
1423 2546 1492 2584 22.

1017 2601 1366 2647 cantilatrices
1398 2600 1458 2654 ΙΙ,
1486 2605 1523 2643 1.

1017 2660 1382 2717 cataplasmare
1414 2635 1470 2712 ΙΙ,
1499 2662 1625 2702 1.18.
1653 2662 1707 2700 22
1733 2660 1808 2699 etc

1016 2719 1271 2765 catheter.
1303 2732 1387 2775 per
1412 2718 1640 2761 catateras
1666 2717 1682 2759 l
1714 2715 1813 2771 (ubi

1044 2792 1129 2835 per
1167 2777 1392 2822 cathedra
1428 2776 1475 2831 h)
1514 2776 1578 2829 ΙΙ,
1604 2779 1656 2817 21
1699 2776 1810 2817 extr.

1044 2838 1103 2891 cf.
1137 2837 1194 2880 de
1227 2836 1465 2880 cathetera
1496 2834 1525 2877 h
1556 2810 1612 2886 ΙΙ,
1647 2836 1713 2886 18,
1742 2836 1810 2874 10,
