2014 3162
771 137 1177 190 —391—

127 262 390 312 εὖεκτεῐν
421 265 454 321 Ι,
489 269 558 310 88.

129 322 429 371 εὐεκτικὸν
460 325 655 369 παιδίον
685 325 721 381 Ι,
741 330 810 370 90.
849 320 923 370 εὖ·

159 380 318 455 εκτικὴ
349 382 525 456 θρέψις
555 385 589 440 Ι,
615 389 685 429 93.

127 439 560 514 ευεπηρέαστον
593 444 724 499 σῶμα
757 443 791 499 Ι,
826 448 922 489 109.

128 497 556 572 εὖεπίγνωστον
589 516 613 547 c
644 502 677 557 Ι,
714 506 781 546 58.

128 556 593 606 εὖεπιπόλαστον
631 559 683 605 τό
727 559 847 618 γάλα
886 563 922 618 Ι,

127 675 452 749 ευθρυπτος
485 678 694 754 (femina)
726 681 761 736 Ι,
789 684 864 724 25.

126 753 149 782 ε
169 734 357 788 ὖθὺςε
421 737 569 809 μηδὲν
623 736 672 793 ἐξ
728 716 926 790 εὐθείας

159 795 356 868 παρέχει
386 813 438 840 το
472 799 730 868 περίαπτον
762 798 820 854 ΙΙ,
852 803 923 842 42.

161 883 214 887 —
242 851 349 900 κατ’
385 853 532 900 ευθύε
567 853 591 900 ὁ
625 854 771 907 πόνος
803 853 923 901 κατὰ

154 915 240 959 τοῦ
274 910 351 959 ἐπ’
381 911 504 959 ευθύ
530 913 700 972 μέρους
716 917 927 987 γίγνεται

156 974 239 1018 τοῦ
259 976 627 1030 φλεγμαίνοντος
645 971 768 1030 (κατ’
797 970 920 1019 εὖθυ

157 1049 198 1089 γ.
231 1033 314 1076 τοῦ
349 1036 423 1088 φλ.
450 1033 506 1089 Ε)
531 1033 587 1090 ΙΙ,
615 1039 682 1078 19.
730 1050 788 1077 τα
813 1029 920 1077 κατ’

157 1087 284 1136 εὖθυ
339 1092 402 1150 τῷ
454 1069 774 1164 φλεγμήναντι
809 1091 921 1162 (τοῦ

158 1154 235 1205 φλ.
268 1149 324 1220 Ε)
355 1151 415 1204 ΙΙ,
450 1156 518 1196 19.
558 1147 664 1195 κατ’
700 1148 824 1196 ευθὺ
857 1152 921 1211 τῷ

155 1206 369 1283 τραχήλω
404 1186 473 1266 ΙΙ,
505 1207 690 1254 59.τό
732 1197 922 1267 στόμιον

157 1266 264 1312 κατ’
299 1255 424 1313 ευθύ
457 1270 676 1339 κείμενον
706 1270 742 1326 Ι,
774 1275 843 1314 34.

128 1324 191 1372 εὖ
201 1325 361 1399 παθή
375 1345 418 1379 g:
444 1325 501 1372 τὰ
521 1325 601 1372 διὰ
620 1326 705 1385 τὴν
723 1332 925 1386 φλεγμο-

159 1383 248 1457 νὴν
281 1383 472 1443 εὖπαθῆ
505 1387 562 1441 ΙΙ,
596 1393 668 1431 29.

129 1442 442 1490 εὐπεπτεῖν
475 1446 509 1499 Ι,
543 1421 613 1492 92.

129 1500 457 1577 εὐρυχ,ωρία
490 1501 745 1562 ακουστική
779 1506 823 1562 Ι,
858 1511 926 1551 10.

159 1589 218 1596 -
258 1561 540 1620 ευρυχωρίαι
581 1566 688 1621 (γῆς
732 1579 927 1621 quarum

157 1623 510 1755 {ualitaizibus
493 1624 738 1668 burbantur
762 1629 925 1680 aquae)

130 1757 405 1814 ευστομος
435 1742 470 1798 Ι,
481 1747 552 1788 94.
585 1738 705 1799 γαλα
725 1746 780 1786 95
801 1743 926 1799 (opp

159 1797 398 1872 αστομον).

129 1857 416 1932 ευχύμους
460 1876 509 1904 τε
566 1860 648 1904 καὶ
703 1856 929 1917 ευχύλους

161 1917 376 1992 (τροφάς)
409 1920 466 1973 ΙΙ,
499 1924 570 1965 38.

131 1975 418 2033 εὕψυκτος
449 1954 485 2034 Ι,
512 1983 582 2024 69.

132 2053 192 2082 ευ
206 2034 428 2094 ώνυμος
445 2038 544 2094 χείρ
563 2036 927 2109 (προσηνεστέρα

159 2097 243 2152 τῆς
281 2096 442 2149 δεξιᾶς
479 2096 561 2139 καὶ
609 2092 713 2153 μετ’
764 2111 928 2152 ευπρε·

159 2156 297 2224 πείας
330 2150 640 2211 εὐεργεστέρα
664 2156 929 2199 καθίεσθαι

159 2216 214 2258 in
244 2217 437 2270 uterum)
471 2213 528 2269 11,
564 2219 633 2258 61.
667 2214 723 2258 de
755 2227 848 2270 qua.
878 2227 928 2258 re

160 2273 359 2318 aliorum
393 2273 663 2329 superstitio
695 2272 751 2327 ΙΙ,
786 2277 855 2318 64.

133 2329 526 2388 ἔφεδράζεινΙ,
539 2337 607 2376 70.
628 2329 927 2389 ἔφεδρᾶσθαι

162 2393 195 2446 1,
230 2396 285 2436 70
318 2394 432 2436 extr.

133 2426 340 2506 ἔφηλίς
373 2446 418 2507 (ἡ
451 2449 697 2521 λεγομένη)
730 2450 763 2505 Ι,
798 2454 868 2494 44.

133 2505 449 2582 ἐφίσταται
479 2506 508 2565 ἡ
543 2510 696 2553 κοιλία
728 2509 762 2565 Ι,
798 2513 896 2555 122.

133 2563 478 2624 εφυστερεῖν
509 2569 545 2624 Ι,
577 2573 648 2612 21.

134 2623 472 2697 ἑφοδεύεινε
523 2624 606 2671 τὸν
638 2624 788 2672 πολὺν
821 2627 929 2682 περὶ

164 2681 480 2788 ζξτῆςίλιὲξον
506 2682 849 2743 ἔφωδεύκαμεν
874 2687 930 2741 ΙΙ,

285 2758 308 2788 c

136 2800 396 2860 ἔχεσθαιτ
414 2801 931 2860 πεσσοῐςὸμοίαςδυνα-

163 2877 290 2919 μεως
324 2859 572 2920 ἐχομένοις
603 2863 660 2921 ΙΙ,
695 2869 762 2908 16

1016 265 1117 318 ἕως
1163 268 1226 323 (ο,
1268 264 1331 318 ὥς
1372 267 1427 324 Ε)
1476 266 1564 313 δύο
1611 267 1810 314 κυάθων

1046 326 1264 383 (πλῆθος)
1295 328 1352 383 ΙΙ,
1377 332 1448 372 41.

1016 471 1215 527 ζεστόν
1257 470 1387 528 ὕδωρ
1427 475 1674 530 Ι,50.64.
1711 480 1809 520 100.

1044 531 1101 588 ΙΙ,
1115 538 1170 578 10
1188 529 1285 586 (διὰ
1302 509 1546 603 θαλάσσης
1565 530 1812 604 ε’ζεσμένης

1043 592 1110 705 {L
1151 593 1239 648 38).
1303 588 1570 648 ζεστότερον
1613 596 1811 649 λουτρον

1016 706 1267 767 ζευκτόν,
1284 710 1550 755 vehiculum
1570 710 1605 767 Ι,
1623 715 1693 754 49.
1727 707 1810 755 διὰ

1046 769 1250 822 ζευκτῶν
1289 771 1630 813 κατασείεσθαι
1661 770 1703 823 Ι,
1738 774 1808 815 64.

1045 828 1218 887 ζευκτῷ
1251 828 1583 873 κατασειστέον
1614 829 1648 884 Ι,
1683 833 1751 873 65.

1013 971 1219 1049 ἤβησις
1251 974 1526 1032 (virginum)
1554 976 1588 1030 Ι,
1623 980 1692 1020 24

1012 1034 1214 1089 ηλικία
1244 1033 1622 1104 τρισκαιδεκέτης
1653 1036 1687 1089 Ι,
1720 1038 1790 1078 25,

1011 1090 1253 1150 ἡμίσους
1284 1088 1428 1149 ἄρτου
1461 1091 1518 1149 ΙΙ,
1553 1098 1620 1136 15,

1014 1241 1227 1290 θαλίας
1258 1236 1440 1310 (βατου)
1467 1253 1490 1283 c
1513 1253 1597 1295 pro
1622 1239 1813 1283 θαλλῶν

1046 1301 1121 1355 (=
1153 1294 1431 1355 ἀκρεμόνων
1470 1298 1622 1343 Diosc.
1661 1303 1711 1353 4,
1745 1303 1817 1352 37,

1047 1372 1286 1414 cymarum
1332 1357 1460 1414 rubi)
1508 1357 1574 1414 11,
1614 1361 1685 1400 41.
1758 1356 1815 1402 cf.

1046 1420 1272 1461 θαλλεῑον
1303 1416 1456 1460 Diose.

1016 1475 1263 1545 θεμέλια
1294 1476 1377 1531 τῆς
1410 1475 1528 1531 ζωῆς
1558 1474 1593 1531 Ι,
1628 1479 1696 1519 79.

1017 1532 1409 1607 θερμάσματα
1429 1535 1464 1590 Ι,
1498 1539 1567 1579 67.

1017 1592 1202 1707 θΙέρὸμη
1245 1589 1443 1650 συνεχὴς
1482 1593 1580 1650 (τῆς
1621 1591 1815 1651 μήτρας)

1019 1710 1305 1769 θέρμινον
1337 1707 1537 1767 ἄλευρον
1570 1712 1605 1766 Ι,
1639 1715 1709 1756 64.

1018 1774 1056 1815 θ
1068 1787 1088 1815 ε
1102 1788 1126 1826 ρ
1138 1786 1282 1827 μοπο
1295 1772 1388 1815 σία
1414 1773 1479 1826 (ek
1498 1771 1813 1826 ψυχροποσιά)

1018 1888 1194 1944 θηλαὶ
1211 1886 1707 1958 πεφιλοτεχνημέναιῖ,
1715 1889 1814 1931 115.

1019 1943 1244 2002 θηλυκα
1278 1948 1375 2004 ζῷα
1406 1948 1441 2002 Ι,
1475 1952 1545 1991 32.

1017 2007 1173 2060 θίξις
1206 2006 1240 2062 Ι,
1273 2011 1344 2051 50.

1017 2066 1299 2110 θολοῦται
1330 2062 1382 2109 τὸ
1415 2081 1602 2122 πνευμα
1635 2061 1708 2122 (ἐν
1733 2062 1815 2121 με’-

1046 2127 1163 2175 θαις
1194 2124 1274 2168 καὶ
1306 2121 1554 2182 απεψίαις)
1587 2124 1622 2179 Ι,
1657 2129 1726 2169 38.

1019 2268 1179 2327 ἰδικὴ
1213 2268 1485 2328 παραλλαγή
1519 2272 1575 2328 ΙΙ,
1607 2275 1647 2317 5.
1714 2267 1816 2315 ἔπι·

1049 2329 1211 2400 μέλεια
1243 2331 1301 2386 ΙΙ,
1334 2336 1374 2375 9.

1020 2387 1353 2445 ἰδιόκτητον
1385 2389 1442 2445 ΙΙ,
1477 2395 1515 2435 1.

1021 2450 1171 2493 ἴδιον
1205 2449 1480 2521 (πολλαχῶς)
1506 2448 1563 2505 ΙΙ,
1581 2453 1618 2492 1.
1635 2443 1813 2491 -κατ’

1049 2507 1176 2552 ἰδίαν
1211 2504 1334 2564 (ὅξος
1360 2530 1416 2544 =
1441 2484 1662 2562 καθαρὸν
1687 2503 1812 2563 ὄξος)

1048 2567 1106 2623 ΙΙ,
1123 2572 1178 2611 41
1207 2568 1295 2612 etc.
1322 2566 1439 2622 (Sor.
1464 2567 1566 2611 Gal.
1585 2566 1671 2611 XII
1675 2568 1816 2623 ,956).

1051 2650 1107 2659 -
1141 2627 1424 2683 διατεθῆναι
1456 2625 1555 2670 ἰδία
1586 2626 1641 2682 ΙΙ,
1675 2602 1745 2669 53.

1023 2684 1426 2730 ἰδιοσυστασία
1463 2680 1493 2741 ἢ
1532 2671 1821 2741 ἰδιοσυγκρι-

1053 2746 1130 2788 σία
1162 2745 1220 2799 ΙΙ,
1253 2749 1324 2788 56.
1389 2744 1445 2788 cf.
1480 2745 1735 2800 συγκρισία.

1023 2802 1231 2860 ἰδίωμα
1247 2804 1330 2868 τῆς
1343 2803 1707 2860 πραγματείαςΙ,
1721 2807 1819 2848 126.

1023 2863 1115 2906 ινα
1150 2861 1248 2919 (ubi
1282 2867 1383 2907 εἶτα
1415 2862 1472 2919 Ε)
1505 2861 1564 2920 ΙΙ,
1598 2866 1667 2906 10.
