2014 3162
918 87 1316 140 -220-

274 223 553 290 ῥαφανίδας
601 218 699 287 μετ’
750 217 1026 287 ὀξυμέλιτος
1075 221 1158 272 καὶ
1196 224 1394 290 ταρίχου
1432 223 1515 274 καὶ
1552 219 1604 274 τὸ
1645 219 1727 274 διὰ
1766 220 1956 287 νάπυος

272 304 354 355 καὶ
407 301 640 356 ὕσσωπον
695 300 760 354 δι’
820 300 1131 370 ὑδρομέλιτος
1169 299 1460 364 ἆποζεσθὲν.
1534 301 1657 370 ἅπερ
1710 308 1956 367 παντελῶς

273 381 512 451 άμέθοδα.
568 386 650 435 δεῖ
680 381 774 452 γὰρ
814 381 906 436 οὐκ
944 385 1012 444 εἷς
1049 380 1134 445 τὰς
1171 388 1268 435 τῶν
1306 389 1476 452 χυμῶν
1514 382 1810 452 ἀποβλέπειν
1849 387 1956 436 δια-

273 464 446 533 φοράς,
488 467 554 527 εἰς
594 464 647 516 δὲ
685 462 776 531 τὴν
813 462 965 517 ποιὰν
1003 470 1088 516 τοῦ
1128 463 1361 531 σώματος.
1427 462 1526 516 εἶτα
1565 463 1830 518 δύσπεπτοι
1869 465 1957 532 μὲν

228 575 248 607 5
273 550 329 599 αἱ
370 548 668 616 ῥαφανίδες,
714 542 1041 612 πνευματικὸς
1089 543 1136 597 δ’
1188 543 1214 599 ὃ
1259 544 1465 614 γλυκύς,
1510 544 1563 599 τὸ
1618 544 1665 598 δ’
1710 544 1956 614 ἆψίνθιον

272 625 395 694 πρὸς
434 629 665 695 ἔκτρωσίν
709 628 836 679 ἐστιν
875 624 1168 694 ἐπιτήδειον,
1204 624 1322 679 ὥστε
1352 628 1628 694 φυλακτέον
1657 626 1742 691 τὰς
1772 627 1956 688 τούτων

273 708 445 772 δόσεις.

385 795 469 843 53.
520 796 624 852 ταῖς
664 789 718 841 δὲ
755 786 879 856 πρὸς
917 787 973 841 τὰ
1012 787 1227 858 βλαβερὰ
1265 796 1362 843 τῶν
1399 796 1631 844 κυουσῶν
1671 792 1957 860 ἐπιθυμίαις

270 869 322 924 τὸ
371 871 460 939 μὲν
512 876 707 939 πρῶτον
761 870 1012 923 ἐνστατέον
1059 870 1141 923 διὰ
1195 869 1354 941 λόγων
1401 869 1467 935 ὥς
1511 878 1598 940 τῆς
1647 871 1734 925 ἀπ’
1793 871 1957 926 αὐτῶν

207 980 249 1012 10
271 952 460 1022 βλάβης
497 958 595 1005 τῶν
632 949 717 1013 τὰς
757 952 1024 1019 ἐπιθυμίας
1054 951 1335 1006 ποιούντων
1358 952 1664 1023 παραλόγως,
1703 949 1841 1024 ᾖκαὶ
1870 952 1956 1006 τὸν

271 1032 511 1102 στόμαχον
549 1030 813 1099 κακούσης,
861 1030 1016 1095 οὕτως
1055 1033 1108 1085 δὲ
1145 1035 1227 1085 καὶ
1271 1032 1324 1087 τὸ
1362 1033 1484 1087 κατὰ
1522 1033 1741 1104 γαστρός,
1781 1033 1863 1088 διὰ
1902 1032 1957 1088 τὸ

271 1113 387 1182 μήτε
425 1111 656 1182 καθαρὰν
686 1110 810 1180 μήθ’
847 1110 1091 1180 ἆρμοδίαν
1123 1115 1426 1167 ἐπισπᾶσθαι
1463 1114 1670 1184 τροφήν,
1707 1114 1828 1168 ἄλλα
1860 1137 1958 1168 τοι-

271 1195 426 1263 αύτην
473 1193 650 1248 ὁποίαν
696 1194 968 1261 ἐπιπέμψαι
1022 1193 1230 1247 δύναται
1277 1194 1330 1248 τὸ
1377 1202 1516 1263 σῶμα
1568 1202 1730 1259 κακῶς
1784 1199 1960 1248 διακεί-

271 1298 432 1345 μενον.
496 1277 580 1328 καὶ
616 1273 710 1345 γὰρ
748 1273 801 1327 τὸ
834 1273 931 1327 άπὸ
960 1281 1046 1343 τῆς
1068 1282 1159 1344 γῆς
1183 1274 1429 1345 ἀπορρέον
1451 1275 1588 1346 ὕδωρ
1613 1284 1838 1345 καθαρᾶς
1870 1278 1958 1346 μὲν

204 1383 245 1416 15
272 1358 424 1426 ούσης
463 1358 661 1426 διαυγές
700 1357 814 1421 ἐστι,
860 1356 1212 1425 βορβορώδους
1252 1358 1305 1410 δὲ
1343 1357 1569 1426 θολερόν.
1646 1362 1690 1412 εἰ
1727 1358 1774 1411 δ’
1817 1357 1957 1411 ἄνια-

270 1445 366 1508 ρῶς
398 1441 569 1508 ε’χοιεν,
599 1436 722 1492 κατὰ
751 1437 840 1504 μὲν
870 1459 955 1499 τας
983 1458 1179 1507 πρωτας
1209 1437 1392 1507 ἡμέρας
1423 1438 1573 1494 ουδὲν
1595 1441 1958 1509 προσενεκτέον,

269 1520 470 1589 ὕστερον
517 1520 571 1572 δὲ
616 1520 698 1572 καὶ
745 1515 862 1586 μετά
909 1540 1044 1582 τινας
1081 1518 1288 1589 ἡμέρας,
1337 1524 1380 1573 εἰ
1416 1520 1482 1589 μὴ
1522 1520 1848 1591 τυγχάνουσαι
1889 1523 1959 1574 ὡν

268 1603 471 1656 θέλουσι
516 1607 572 1674 τῇ
623 1602 878 1669 δυσθυμία
915 1605 1001 1667 τῆς
1038 1607 1206 1670 ψυχῆς
1244 1600 1535 1670 ἆπισχνοῦσι
1580 1604 1663 1655 καὶ
1712 1601 1765 1656 τὸ
1805 1609 1956 1670 σῶμα.

269 1682 391 1752 πρὸς
430 1683 484 1735 δὲ
521 1681 573 1736 τὸ
614 1679 920 1747 κουφότερον
959 1675 1269 1750 ἀδικηθῆναι
1299 1689 1493 1752 πρῶτον
1525 1684 1613 1750 μὲν
1643 1680 1960 1736 ὑποδεικτέον

203 1788 246 1821 20
270 1763 405 1827 ’ὅπως
451 1763 516 1832 μὴ
563 1761 658 1831 πρὸ
705 1767 790 1829 τῆς
836 1758 1204 1829 ἆποθεραπείας
1250 1763 1336 1822 τοῦ
1385 1762 1603 1832 σώματος
1652 1763 1839 1833 λάβωσι
1876 1765 1959 1817 καὶ

269 1843 321 1898 τὸ
371 1840 705 1914 ἐπιθυμητόν,
759 1841 887 1895 ’ὅπου
946 1845 1030 1897 καὶ
1075 1842 1128 1898 τὸ
1176 1843 1298 1897 κατὰ
1343 1845 1487 1913 γένος
1542 1842 1791 1912 ὠφέλιμόν
1843 1867 1959 1899 ποτε

270 1925 646 1995 λαμβανόμενον
684 1924 858 1992 ἆδικεῖ,
905 1928 986 1980 καὶ
1026 1924 1091 1995 μὴ
1130 1924 1236 1978 κατ’
1280 1929 1429 1998 ἰδίαν,
1473 1923 1588 1994 μετὰ
1629 1925 1682 1978 δὲ
1719 1931 1804 1993 τῆς
1843 1942 1959 1994 συμ-

270 2006 519 2075 φερούσης
556 2014 761 2077 τροφῆς,
800 2011 883 2062 ἴνα
918 2014 974 2081 τῇ
1006 2006 1140 2076 παρὰ
1171 2006 1352 2075 ταύτης
1383 2005 1582 2076 εὐχυλίᾳ
1611 2012 1959 2080 κατακρατηθῇ

269 2087 429 2157 ἤγουν
466 2096 823 2160 κατακερασθῇ.
899 2087 1003 2142 κατ’
1048 2087 1214 2158 ὀλίγον
1253 2089 1320 2141 δέ.
1395 2087 1449 2141 τὸ
1489 2087 1581 2158 γὰρ
1619 2088 1958 2158 περισσότερον

202 2193 246 2226 25
271 2176 455 2237 μᾶλλον
500 2168 672 2223 ἀδικεῖ.
748 2172 831 2223 καὶ
876 2169 1052 2239 μεταξὺ
1098 2176 1184 2238 τῆς
1230 2169 1378 2238 ἄλλης
1423 2175 1634 2238 τροφῆς,
1681 2168 1801 2222 ἀλλὰ
1841 2169 1958 2238 μήτε

271 2250 534 2320 πρότερον,
573 2258 766 2321 γυμνοῦ
813 2250 915 2353 Ὶγὰρ
947 2250 1126 2318 ἅψεται
1156 2257 1242 2304 τοῦ
1275 2248 1541 2319 στομάχου,
1581 2248 1706 2318 μήθ’
1742 2246 1958 2319 ὕστερον.

272 2331 576 2385 ἐπιπολάσαν
614 2355 707 2403 γαρ
746 2335 828 2385 καὶ
865 2331 956 2401 τὴν
995 2331 1148 2400 άλλην
1185 2334 1595 2400 προσδιαφθείρει
1631 2329 1838 2399 τροφήν.

392 2423 413 2461 1
429 2415 715 2486 ῥαφανίδος
747 2419 847 2476 (sic)
881 2433 904 2464 c
938 2421 1070 2475 (corr.
1103 2419 1164 2476 d).
1286 2418 1555 2485 καταρίχου.
1578 2430 1602 2461 c
1635 2419 1768 2473 (corr.
1802 2416 1874 2473 D).

271 2479 297 2520 2
331 2472 537 2520 ι’σσιόπου
571 2491 594 2520 c
628 2479 759 2533 (corr.
791 2478 861 2534 E).
1007 2482 1033 2521 3
1065 2477 1225 2535 χυμῶν
1257 2476 1315 2519 E:
1347 2475 1587 2532 ’γυναικῶν
1620 2489 1657 2520 c.
1809 2480 1838 2519 4
1869 2473 1956 2532 μὲν

272 2534 373 2591 (sic)
407 2549 431 2578 0
464 2537 571 2590 (om.
605 2536 667 2591 d).
812 2542 838 2581 5
869 2534 923 2581 τὸ
955 2532 1041 2608 αψ.
1075 2551 1099 2581 c
1132 2538 1264 2593 (con.
1296 2533 1366 2591 E).
1520 2539 1575 2578 10
1606 2535 1719 2578 τῶνε
1752 2534 1832 2578 καὶ
1862 2534 1957 2579 τῶν

271 2607 308 2638 c.
431 2591 655 2649 ποιούσης
687 2596 752 2665 (et
782 2595 948 2640 deinde
980 2591 1010 2652 ἢ
1042 2594 1141 2652 καὶ)
1176 2608 1214 2639 c.
1338 2598 1391 2637 12
1425 2589 1487 2651 μὴ
1522 2589 1568 2636 δ’
1590 2610 1696 2651 αρμ.
1732 2594 1832 2650 (sic)
1865 2607 1903 2638 c.

271 2657 324 2697 15
357 2648 563 2708 ἀνιαρῶς
592 2652 656 2698 D.
689 2648 836 2704 ἀνιῶς
867 2668 891 2698 c
925 2654 971 2710 (f.
1005 2650 1176 2710 ἀνίας).
1303 2657 1356 2696 17
1389 2652 1435 2697 εἰ
1463 2652 1625 2697 addidi
1656 2654 1762 2708 (om.
1797 2656 1854 2708 c).

269 2705 335 2755 ὧν
367 2711 429 2756 D.
461 2711 554 2756 τῶν
587 2725 624 2756 c.
778 2717 836 2757 20
867 2709 1165 2768 ἄθεραπειάς
1196 2711 1297 2768 (sie)
1330 2724 1354 2754 c
1388 2713 1522 2767 (corr.
1555 2712 1615 2767 d).
1768 2716 1822 2755 21
1857 2707 1984 2759 ἔπι-μ

267 2767 534 2827 θυμητικόν
567 2785 591 2815 c
624 2773 756 2827 (corr.
781 2771 851 2828 E).
975 2777 1030 2816 23
1063 2772 1142 2816 ινα
1174 2785 1263 2816 om.
1291 2784 1316 2814 c
1351 2771 1470 2825 (add.
1495 2771 1566 2840 E).
1690 2775 1747 2814 24
1778 2768 1832 2814 δε
1865 2782 1962 2813 om

268 2843 292 2874 c
327 2830 448 2886 (add.
482 2830 551 2887 E).
735 2836 790 2875 26
823 2830 1007 2887 πρῶτον
1039 2844 1075 2874 c.
1252 2834 1306 2875 27
1342 2828 1632 2875 ἐπιπολασαν
1664 2825 1753 2885 γὰρ
1785 2829 1844 2872 E:
1877 2823 1954 2873 ἐπὶ
