2014 3162
767 99 1170 152 —235—

126 231 210 284 καὶ
246 229 298 283 τὸ
337 229 593 283 καταλύειν
632 228 683 285 τὸ
723 233 939 300 ἔμβρυον
979 231 1062 284 διά
1099 252 1230 293 τινος
1269 231 1506 300 ε’ποὶκμου.
1578 237 1812 297 κίνδυνος

123 310 216 380 γὰρ
253 315 512 380 τρωθῆναί
543 333 588 364 τι
625 318 723 364 τῶν
762 313 1144 381 παρακειμένων.

230 389 345 458 μετὰ
385 391 437 443 δὲ
476 397 566 460 τῆν
606 391 811 462 φθορὰν
851 391 919 456 ὥς
962 391 1248 462 φλεγμονὴν
1285 395 1631 460 θεραπευτέον.

117 557 210 606 XX
267 557 414 606 Τίνα
453 562 665 623 σημεῖα
702 562 1057 624 προηγεῖται
1105 553 1434 622 μελλούσης
1480 552 1813 618 ἆποτέξεως

524 647 844 712 γίγνεσθαι
883 650 982 712 τῆς
1020 643 1166 696 κατὰ
1205 642 1402 710 φύσιν.

232 766 316 813 66.
380 764 475 824 Εἰς
513 760 929 830 προπαρασκευὴν
974 768 1072 814 τῶν
1119 765 1187 824 εἰς
1232 760 1323 829 τὴν
1375 759 1601 824 ἆπότεξιν
1656 762 1814 828 ἐπιτη-

114 845 265 895 δείων
303 841 568 910 εὔχρηστον
606 849 788 910 μαθεῖν
826 841 886 896 τὰ
925 850 1099 911 σημεῖα
1135 845 1223 910 τῆς
1255 840 1522 909 μελλούσης
1551 845 1808 911 γίγνεσθαι

119 921 454 989 ἀποκυήσεως.
531 924 797 991 παρέπεται
836 924 890 976 δὲ
927 932 1031 987 ταῖς
1070 923 1356 991 μελλούσαις
1394 921 1667 976 ἆποτίκτειν
1703 925 1814 990 περὶ

118 1002 208 1056 τὸν
260 1003 477 1071 ἕβδομον
521 1000 555 1071 ἢ
602 1002 688 1057 τὸν
742 1006 947 1058 ἔννατον
991 1002 1024 1073 ἢ
1075 1003 1160 1059 τὸν
1214 1005 1419 1057 δέκατον
1474 1010 1607 1071 μῆνα
1661 1003 1815 1071 βάρος

49 1114 52 1116 v
119 1083 271 1151 ἤτρου
309 1085 393 1136 καὶ
431 1085 741 1154 ἔπιγαστρίου
788 1085 903 1154 μετὰ
949 1085 1216 1154 πυρώσεως
1273 1091 1360 1138 τοῦ
1405 1088 1689 1154 γυναικείου
1737 1088 1812 1137 αἰ-

119 1169 287 1232 δοίου,
326 1165 519 1235 ἄλγημα
558 1166 837 1235 βουβώνων
875 1170 959 1221 καὶ
997 1166 1186 1235 ὀσφύος
1217 1165 1322 1220 κατ’
1357 1163 1453 1230 ἴξιν
1483 1171 1568 1234 τῆς
1597 1163 1814 1232 ὑστέρας,

114 1245 152 1314 ἤ
189 1268 238 1299 τε
274 1244 450 1315 ὑστέρα
478 1256 760 1317 προσχωρεῖ
797 1255 863 1321 τῷ
909 1252 1084 1318 αἰδοίῳ
1134 1247 1252 1300 ὥστε
1298 1250 1481 1318 ῥᾳδίως
1526 1244 1616 1313 τὴν
1664 1254 1815 1315 μαῖαν

123 1329 487 1396 σημειουμένην
539 1326 773 1394 ’ἅψασθαι
827 1327 1003 1396 αὐτῆς,
1056 1326 1108 1381 τὸ
1158 1329 1212 1380 δὲ
1258 1326 1455 1394 στόμιον
1501 1325 1653 1395 αὐτῆς
1698 1326 1814 1395 μετὰ

115 1412 383 1477 τρυφερίας
428 1406 806 1462 ἆναπέπτασθαι
860 1411 943 1462 καὶ
998 1407 1183 1472 διεστὸς
1237 1410 1606 1471 ἔπινοτίζεσθαι.
1690 1407 1814 1477 πρὸς

123 1489 272 1560 λόγον
312 1490 367 1542 δὲ
404 1496 491 1543 τοῦ
531 1497 857 1560 συνεγγισμοῢ
895 1498 981 1560 τῆς
1019 1489 1291 1554 ἆποτέξεως
1330 1493 1589 1557 συμπίπτει
1627 1490 1716 1557 μὲν
1754 1488 1811 1542 τὰ

43 1619 50 1630 .„
119 1575 273 1640 ἰσχία,
309 1575 591 1642 διογκοῦται
629 1573 684 1625 δὲ
722 1571 838 1640 μετὰ
876 1571 1154 1641 βουβώνων
1191 1570 1244 1624 τὸ
1285 1567 1534 1639 ἔφη’βαιον
1571 1572 1655 1622 καὶ
1695 1588 1814 1623 συν-

124 1651 237 1721 εχὴς
266 1656 480 1722 γίγνεται
517 1652 641 1720 πρὸς
679 1652 959 1722 ἆπούρησιν
997 1656 1269 1721 προθυμία.
1333 1653 1529 1720 φέρεται
1568 1652 1622 1704 δὲ
1659 1649 1814 1721 ὑγρὸν

119 1732 369 1803 γλισχρόν,
416 1731 517 1786 εἶτα
561 1736 644 1786 καὶ
683 1733 803 1803 αἷμα
840 1741 945 1798 ταῖς
983 1738 1225 1797 πλείσταις
1263 1734 1587 1803 ρηγνυμένων
1623 1739 1722 1785 τῶν
1760 1735 1814 1785 ἕν

117 1820 184 1886 τῷ
222 1817 369 1886 χορίῳ
409 1820 595 1868 λεπτῶν
633 1814 859 1885 ἀγγείων,
898 1821 963 1889 τῷ
1003 1816 1058 1868 δὲ
1095 1816 1375 1888 καθιεμένῳ
1408 1813 1629 1887 δακτύλῳ
1662 1817 1731 1877 εἰς
1759 1813 1813 1867 τὸ

119 1901 404 1962 γυναικεῖον
427 1898 622 1950 αἰδοῖον
643 1896 912 1965 περιφερὴς
942 1897 1087 1966 ὄγκος
1118 1895 1381 1950 ὑποπίπτει
1411 1894 1685 1964 παρόμοιος
1718 1893 1814 1968 ᾠῷ.

229 1977 314 2028 καὶ
353 1974 436 2029 διὰ
475 1976 758 2047 φλεγμονὴν
798 1979 852 2031 δὲ
891 1977 917 2032 ὃ
955 1977 1110 2042 πόνος
1149 1975 1588 2045 παρηκολόυθησε,
1635 1980 1815 2044 διακρι-

243 2135 266 2173 1
299 2126 537 2173 καταλύοι)
570 2128 674 2186 (sic)
707 2143 732 2173 c
765 2131 896 2187 (corr.
930 2131 1001 2186 E).
1124 2131 1292 2186 2post
1321 2145 1496 2186 παρακ.
1530 2129 1661 2173 deleo
1694 2142 1813 2184 quae

121 2202 216 2245 seq.
248 2204 294 2246 p.
327 2193 399 2243 66,
424 2193 647 2243 25-27,
675 2193 700 2233 3
733 2189 795 2245 Ι),
836 2203 941 2233 oum
973 2189 1010 2232 E
1043 2204 1090 2246 p.
1123 2188 1273 2232 XLIII
1306 2188 1382 2245 (cf.
1414 2188 1527 2243 XL).
1649 2192 1678 2230 4
1708 2188 1816 2242 post

121 2261 253 2305 capp,
287 2260 344 2291 ex
372 2246 513 2291 Aetio
547 2223 711 2291 add⁷ita
742 2253 800 2292 24
833 2251 907 2303 (=
928 2249 1115 2305 16,11),
1147 2252 1204 2291 25
1239 2248 1313 2303 (=
1335 2252 1404 2301 16,
1429 2248 1520 2302 20),
1553 2251 1609 2290 26
1644 2250 1717 2302 (=
1746 2250 1814 2300 16,

124 2309 199 2363 21)
241 2306 454 2363 sequimur
492 2306 749 2351 Soraneum
789 2308 863 2363 (=
886 2307 988 2364 lat.)
1020 2312 1100 2361 27,
1149 2306 1279 2350 euius
1326 2309 1596 2362 excerptum
1641 2304 1816 2362 legitut

120 2365 380 2469 iffief‘e‘
411 2370 723 2469 3²92123212022
756 2366 1046 2482 331²13³<3ffi1
1050 2364 1456 2495 S‘firffffuflffiff
1487 2364 1730 2479 ᾑὲιῖᾞρῗ-,ξ
1761 2378 1817 2467 ἐξ

122 2479 443 2540 υποκείμενον
470 2441 559 2539 ζῆγς
589 2479 790 2541 υστέρας
821 2498 858 2529 ο.
971 2489 1024 2528 13
1046 2485 1187 2555 post
1197 2478 1346 2540 αὐτῆς
1376 2496 1469 2554 seq.
1480 2441 1648 2528 ⁷²verba.
1679 2483 1816 2539 (quae

123 2542 263 2587 eieciss
292 2543 349 2599 E)
393 2541 475 2586 καὶ
521 2542 766 2599 διέστηκεν
813 2539 962 2600 αὐτῆς
1009 2539 1063 2587 τὸ
1109 2538 1258 2600 στόμα
1301 2538 1417 2599 μετὰ
1464 2537 1670 2598 ευαφίας
1700 2539 1815 2600 (καὶ

122 2602 226 2646 Aet.
230 2600 615 2675 >καθυγρασμοῦ
650 2616 706 2647 ex
737 2603 876 2647 Aetio
910 2602 1111 2672 (glossae
1143 2601 1307 2676 instar)
1338 2601 1635 2659 interpolata.
1760 2604 1815 2643 14

123 2655 552 2717 ἀναπέμπταισθαι
584 2675 621 2707 ο.
774 2661 856 2706 καὶ
888 2663 929 2706 ὃ.
963 2657 1080 2731 μετὰ
1111 2661 1195 2705 τοῦ
1231 2657 1406 2706 ἕπινοτ.
1440 2675 1476 2705 c.
1601 2664 1656 2704 16
1689 2660 1813 2727 διογ-

123 2719 293 2763 κοῦται
322 2719 450 2764 Aeta
480 2721 796 2791 συνογκοῦται
828 2734 867 2766 ο.
987 2717 1039 2764 τὸ
1074 2735 1162 2765 om
1189 2734 1226 2766 c..
1349 2724 1406 2764 20
1439 2715 1693 2764 υποπίπτει
1724 2733 1814 2772 γαρ

122 2793 218 2834 παρ
226 2773 430 2834 ’ὁμοίως
461 2774 536 2822 ὥω
570 2793 594 2823 c
627 2781 763 2835 (cort.
796 2779 869 2837 E).
991 2785 1044 2824 21
1079 2780 1162 2823 καὶ
1192 2778 1617 2835 διαφθεγγομένην
1650 2772 1674 2820 ὁ
1707 2790 1756 2819 π.
1789 2787 1814 2818 c

125 2837 256 2892 (corr.
282 2836 335 2882 E.
370 2836 427 2880 cf
458 2837 608 2894 1at.1‚
643 2841 731 2895 59).

1840 1105 1881 1135 10

1838 1506 1880 1540 15

1839 1913 1882 1944 20
