2014 3162
837 149 1206 202 „12—

290 284 376 338 25.
418 286 548 344 Quot
586 284 760 335 diebus
799 284 1035 335 mulieres
1073 281 1385 351 purgantur?

290 377 389 410 non
437 375 608 409 omnes
649 359 848 425 quidem
894 359 1179 424 aequaliter,
1219 358 1303 408 sed
1353 357 1592 422 quaedam
1638 355 1867 421 plurimis

181 435 419 500 quaedam
458 435 628 499 paucis
653 433 841 483 diebus,
889 433 1070 483 multae
1102 439 1266 482 tamen
1298 431 1463 482 triduo
1497 431 1571 480 vel
1604 429 1868 495 quatriduo

180 515 471 575 purgantur.

136 593 157 626 5
293 581 377 633 26.
419 582 554 640 Quae
581 587 698 630 sunt
720 595 843 645 quae
877 580 1150 630 secundum
1181 586 1406 629 naturam
1431 593 1532 627 non
1556 574 1868 643 purgantur?

293 656 482 706 scilicet
519 654 711 720 puellae
752 661 801 704 et
840 669 963 704 anus
1003 662 1053 703 et
1101 653 1212 703 illae
1253 668 1378 717 quae
1432 655 1482 701 in
1540 651 1691 701 choro
1745 666 1866 702 voce

182 737 381 781 cantant
434 736 483 779 et
537 743 662 793 quae
717 730 851 793 gravi
905 727 1212 792 aegritudine
1259 726 1606 776 laboraverunt
1653 732 1703 775 et
1757 725 1868 776 illae

182 820 307 870 quae
346 806 397 853 in
436 810 580 853 utero
619 801 815 852 habent.
893 801 1086 866 puellae
1120 803 1260 866 ‚enim
1299 800 1410 850 ideo
1451 815 1551 849 non
1589 805 1867 864 purgantur

185 880 298 944 quia
338 877 498 927 adhuc
523 875 790 925 infantulae
817 881 947 926 sunt.
1003 890 1127 924 anus
1166 877 1262 924 iam
1301 890 1400 924 non
1439 879 1663 940 possunt.
1742 888 1869 938 quae

115 962 159 995 10
183 959 348 1002 autem
402 966 521 1000 voce
587 956 906 1016 exercentur,
968 948 1028 998 de
1091 950 1444 999 exercitatione
1505 950 1611 1013 ipsa
1670 949 1871 1012 sanguis

185 1040 355 1075 earum
403 1026 725 1074 consumitur.
811 1039 934 1087 quae
976 1038 1090 1072 vero
1122 1029 1237 1088 post
1277 1023 1469 1087 longam
1510 1020 1869 1086 aegritudinem

185 1106 316 1165 sunt,
349 1100 637 1149 universum
670 1099 957 1162 sanguinem
990 1097 1048 1146 ad
1081 1099 1472 1161 resumptionem
1505 1097 1729 1160 corporis
1754 1110 1870 1144 con-

185 1179 402 1223 sumunt.
482 1187 606 1236 quae
656 1178 819 1220 autem
865 1173 915 1220 in
956 1179 1099 1220 utero
1139 1170 1344 1232 habent,
1390 1170 1603 1220 infantes
1642 1170 1872 1218 nutriunt

183 1262 243 1296 ex
281 1249 389 1312 ipso
431 1247 683 1310 sanguine.

118 1330 161 1364 15
297 1318 383 1370 27.
427 1318 681 1376 Quomodo
706 1318 973 1384 probamus
1005 1318 1192 1383 aliquas
1225 1318 1498 1368 secundum
1523 1324 1747 1367 naturam
1773 1331 1873 1366 non

181 1390 419 1459 purgari?

299 1484 358 1517 ex
399 1481 456 1515 eo
509 1466 639 1530 quod
680 1466 739 1515 ad
778 1466 1029 1530 integrum
1071 1480 1215 1515 sanae
1256 1471 1373 1515 sunt
1412 1472 1461 1515 et
1499 1464 1682 1514 nullam
1721 1463 1870 1514 mole-

187 1543 327 1592 stiam
370 1542 593 1604 corporis
634 1541 869 1589 sentiunt.

99 1617 162 1672 (5)
300 1612 386 1665 28.
429 1612 620 1671 Quibus
653 1615 806 1678 signis
837 1612 1168 1678 intellegimus
1200 1614 1542 1678 purgationem
1566 1614 1727 1678 primo
1761 1627 1873 1662 ven-

118 1699 162 1731 20
185 1686 385 1739 turam?

294 1762 438 1828 plane
477 1775 594 1810 vero
634 1775 660 1809 a
695 1767 872 1825 quarto
912 1760 1103 1809 decimo
1144 1775 1271 1810 anno
1309 1761 1497 1826 incipit,
1538 1767 1587 1810 et
1622 1759 1759 1809 didas
1791 1760 1874 1809 ha-

185 1836 306 1886 bent
343 1835 559 1900 inflatas,
604 1834 800 1900 pondus
846 1836 992 1884 etiam
1034 1849 1184 1900 supra
1221 1835 1471 1899 pectinem
1511 1849 1623 1884 cum
1664 1834 1871 1899 quadam

187 1911 444 1976 prurigine
486 1910 722 1958 sentiunt.
798 1907 916 1957 aliae
967 1924 1084 1958 vero
1125 1923 1250 1973 quae
1289 1911 1386 1958 iam
1425 1908 1714 1974 frequenter
1754 1923 1870 1973 pur-
1917 1950 1921 1953 ,

186 1991 324 2049 gatae
365 1989 495 2049 sunt,
535 1997 593 2030 ex
634 1981 922 2031 adveniente
956 1982 1034 2031 die
1066 1984 1373 2048 purgationis
1406 1984 1675 2032 constituto
1703 1985 1872 2048 pigrae

119 2066 162 2100 25
188 2057 495 2123 efficiuntur,
549 2055 863 2120 gravedinem
902 2058 951 2105 in
993 2055 1211 2123 renibUS,
1263 2056 1523 2122 aliquando
1564 2063 1614 2106 et
1653 2056 1873 2106 dolorem

304 2292 330 2332 2
363 2300 454 2331 non
471 2312 525 2318 —
544 2289 570 2330 5
595 2286 854 2342 purgantur
877 2299 959 2331 om.
978 2287 1018 2330 h.
1112 2287 1300 2343 quidem
1335 2289 1428 2333 bssl:
1461 2301 1544 2333 om.
1564 2288 1603 2333 b.
1695 2291 1723 2331 8
1746 2286 1874 2332 ideo-

187 2360 275 2403 que
309 2347 375 2391 bt.
488 2349 514 2389 9
546 2346 673 2388 Anus
704 2345 800 2389 iam
830 2358 923 2389 non
953 2348 1147 2402 possunt
1178 2348 1250 2392 bl:
1283 2349 1425 2391 Anus.
1459 2346 1570 2403 quia.
1599 2347 1694 2391 iam
1724 2345 1874 2390 virtus

186 2408 236 2451 ct
258 2406 460 2450 calorem
484 2404 693 2448 defectus
724 2403 795 2448 esi,
823 2405 864 2448 h.
974 2409 1029 2449 10
1061 2408 1218 2450 autem
1252 2406 1372 2464 z(h):
1405 2420 1487 2452 om.
1523 2407 1562 2451 b.
1663 2405 1721 2450 de
1753 2405 1875 2462 l(h):

185 2478 268 2510 om.
288 2465 312 2509 b
333 2465 431 2520 (ubi
446 2465 512 2509 sic
528 2463 799 2508 exercitatio
816 2463 1051 2519 sanguinis
1071 2465 1388 2524 consumitur).
1461 2470 1512 2509 11
1532 2465 1642 2522 post
1655 2464 1871 2521 longam:

185 2520 281 2568 ἀπὸ
315 2523 497 2580 μακρᾶς
529 2521 629 2567 Sor.
771 2526 824 2566 12
856 2522 1121 2567 universum
1155 2524 1430 2582 sanguinem
1460 2522 1872 2583 Ξ<οοτροτίε>Ξ

186 2584 464 2628 consumunt
511 2582 559 2635 b,
621 2595 664 2625 u.
699 2597 732 2624 s.
772 2581 832 2625 ad
872 2583 1237 2639 resumptionem
1270 2583 1476 2642 corporis
1508 2585 1787 2628 consumunt
1832 2582 1869 2627 l:

189 2642 433 2686 universus
466 2640 654 2698 sanguis
684 2640 818 2684 labor
850 2641 1051 2698 corporis
1085 2643 1372 2688 consumitur
1402 2645 1442 2688 h.
1569 2647 1621 2686 17
1655 2655 1711 2686 ex
1743 2654 1871 2686 eo—

186 2700 394 2746 sentiunt
419 2701 490 2746 bl:
524 2714 581 2745 ex
598 2713 652 2744 eo
671 2699 796 2755 quod
820 2699 878 2744 ad
895 2700 1122 2756 impetum
1144 2702 1395 2758 sanguinis.
1436 2701 1583 2746 moles
1609 2700 1873 2744 sustineant

185 2761 227 2805 h.
379 2765 434 2804 21
470 2759 602 2803 didas
637 2759 712 2803 bl:
745 2771 970 2803 mammas
1002 2760 1043 2803 h.
1188 2766 1295 2816 post
1323 2761 1492 2818 incipit
1521 2761 1625 2806 add.
1658 2760 1708 2803 h:
1739 2757 1870 2803 Alias

186 2818 325 2876 prius.
357 2817 673 2923 Aliabpostea.
797 2821 855 2861 24
885 2817 1044 2874 pigras
1078 2818 1222 2863 efficit
1253 2821 1305 2866 bl
1337 2820 1560 2877 (—ciun†‚ur
1593 2820 1640 2864 bc
1665 2839 1720 2855 =
1743 2818 1804 2875 h).

186 2883 243 2924 25
274 2877 323 2922 in
354 2892 437 2923 om.
504 2914 513 2923 .
