2014 3162
753 127 1154 179 -271—

117 260 444 328 αναφέρονται
497 257 591 328 γὰρ
652 262 708 312 αἰ
749 258 1001 327 ποιότητες
1053 264 1151 311 τῶν
1197 261 1584 328 λαμβανομένων
1637 265 1802 314 σιτίων

114 346 180 414 τῷ
224 338 448 410 γάλακτι,
497 336 574 399 διὸ
622 341 705 392 καὶ
752 339 804 393 τὸ
853 340 942 408 μὲν
986 344 1084 392 τῶν
1131 341 1285 408 αἰγῶν
1331 337 1664 409 ἆστομῶτερόν
1704 343 1802 395 ἔστι

112 422 195 473 καὶ
250 424 594 488 παραστῦφον,
642 422 746 473 ἐπεὶ
794 419 1037 483 τοιαύταις
1082 419 1228 484 πόαις
1272 424 1528 489 χαίρουσιν
1573 426 1628 475 αἱ
1670 421 1802 491 αἶγες

113 500 424 571 τρεφόμεναι,
472 500 524 554 τὸ
565 501 620 554 δὲ
657 508 754 555 τῶν
792 498 1056 571 προβάτων
1094 500 1452 570 εὖστομώτερον
1488 504 1571 554 καὶ
1600 502 1802 572 γλύκιον

113 581 185 635 ’ὅτι
221 580 424 650 τοιαύτη
463 583 545 634 καὶ
583 580 615 651 ἡ
652 582 812 651 τροφὴ
849 589 947 636 τῶν
980 580 1258 650 προβάτων.
1319 582 1371 637 τὸ
1406 584 1459 636 δὲ
1490 582 1642 637 ποτὸν
1663 583 1800 652 ὕδωρ
1824 606 1845 639 5

115 664 225 733 ἄχρι
271 663 629 732 τεσσαράκοντα
675 662 872 732 ἡμερῶν
919 663 1202 731 λαμβανέτω
1242 662 1294 717 τὸ
1335 663 1608 733 ἐλάχιστον,
1658 663 1710 718 τὸ
1751 663 1797 717 δ’

112 747 343 798 ἐντεῦθεν
384 743 680 813 οἰνομέλιτος
711 744 844 813 παρὰ
877 748 993 813 μίαν
1035 744 1118 796 καὶ
1151 742 1383 812 δευτέραν
1413 743 1602 814 ἡμέραν
1628 745 1802 799 ποσόν.

113 825 516 894 διευτονήσαντος
563 825 617 878 δὲ
663 831 748 878 τοῦ
794 824 1014 894 βρέφους
1052 824 1135 876 καὶ
1173 823 1409 892 παγέντος
1447 828 1529 878 καὶ
1568 825 1684 893 μετὰ
1723 825 1802 879 εὖ-

113 910 319 975 τροφίας
358 904 720 974 εὐχροήσαντος.
754 905 980 974 οἰνάριον
1018 904 1195 956 πινέτω
1235 905 1411 959 λευκὸν
1452 908 1648 976 διαυγὲς
1678 906 1803 959 ἀθά-

110 994 292 1041 λασσον
329 985 662 1054 ὗπαύστηρον,
703 987 851 1053 μέσον
891 986 944 1038 δὲ
975 982 1096 1037 κατὰ
1127 983 1242 1048 τοὺς
1273 986 1497 1054 χρόνους,
1537 987 1641 1040 ἄλλ’
1670 986 1799 1051 ’ἅπαξ
1826 1011 1869 1043 10

108 1067 162 1122 τὸ
211 1073 410 1138 πρῶτον
454 1068 538 1119 καὶ
584 1065 669 1119 διά
713 1089 861 1120 τινων
898 1065 1110 1136 ἡμερῶν,
1158 1062 1258 1118 εἶτα
1296 1070 1379 1120 καὶ
1417 1067 1550 1137 παρὰ
1591 1068 1682 1122 δύο
1721 1072 1804 1123 καὶ

110 1147 243 1217 παρὰ
290 1152 431 1216 μίαν7
479 1146 594 1215 μετὰ
642 1148 696 1200 δὲ
734 1154 883 1201 ταῦτα
921 1149 1003 1200 καὶ
1042 1144 1162 1199 καθ’
1204 1144 1391 1216 ἡμέραν
1429 1151 1509 1203 κοὶ
1549 1148 1609 1203 οὗ
1649 1148 1803 1217 μόνον

107 1229 238 1293 ἅπαξ
285 1227 407 1282 ἀλλὰ
453 1230 534 1282 καὶ
588 1232 686 1296 δίς,
734 1227 833 1282 εἶτα
879 1230 962 1281 καὶ
1001 1223 1120 1282 ὅσον
1159 1228 1334 1282 ἱκανὸν
1373 1236 1713 1300 παρηγορῆσαι
1750 1228 1803 1283 τὸ

113 1314 276 1378 δίψος.
339 1308 466 1363 οὕτω
506 1309 599 1379 γὰρ
639 1309 868 1379 ἀβλαβῶς
907 1308 959 1363 τὸ
1000 1312 1186 1380 βρέφος
1217 1307 1315 1364 ὑπὸ
1347 1317 1432 1364 τοῦ
1463 1311 1803 1379 πεποιωμένου

112 1399 178 1466 τῷ
230 1395 348 1463 οἴνῳ
397 1390 693 1459 τραφήσεται
740 1390 1002 1460 γάλακτος,
1050 1394 1104 1458 ἐν
1142 1400 1244 1456 τοῖς
1291 1394 1570 1461 ἔμπροσθεν
1608 1391 1802 1462 χρόνοις
1825 1414 1870 1446 15

108 1472 338 1543 ἀβλαβῶς
379 1477 469 1539 τῆν
508 1471 724 1540 δύναμιν
761 1471 943 1541 ταύτην
983 1474 1152 1540 φέρειν
1191 1473 1252 1527 οὗ
1290 1471 1527 1541 πεφυκός.

143 1568 150 1571 “
223 1559 307 1606 96.
349 1551 532 1621 μήποτε
572 1554 626 1606 δὲ
666 1551 905 1621 ἆπορήσει
942 1576 1013 1617 τις
1051 1560 1156 1617 πῶς
1197 1549 1289 1608 οὖν
1322 1552 1457 1616 ἐντὸς
1487 1560 1572 1622 τῆς
1603 1552 1803 1623 ὑστέρας

107 1633 333 1703 ὑπάρχον
377 1632 472 1702 πρὸ
510 1640 598 1702 τῆς
637 1633 906 1697 ἆποτέξεως
945 1636 1087 1704 ἔφερε
1125 1633 1211 1698 τὰς
1250 1635 1505 1702 εἰρημένας
1543 1633 1802 1702 ποιότητας

107 1721 192 1783 τῆς
246 1712 425 1782 μητρὸς
480 1712 633 1767 αὐτοῦ
681 1716 765 1766 καὶ
820 1713 958 1769 οἶνον
1012 1717 1095 1768 καὶ
1146 1719 1375 1783 ποικίλην
1420 1713 1613 1783 τροφὴν
1656 1733 1802 1783 προσ-

109 1795 402 1866 φερομένης.
478 1793 600 1863 πρὸς
639 1793 699 1849 ὃν
737 1797 929 1849 λεκτέον
969 1791 1041 1850 ὅτι
1080 1805 1184 1860 ταῖς
1222 1802 1307 1864 τῆς
1347 1794 1525 1864 μητρὸς
1565 1793 1802 1864 δυνάμεσι
1826 1819 1870 1851 20

107 1875 210 1930 τότε
249 1874 595 1943 διοικούμενον
635 1873 840 1944 ὡσπερεὶ
880 1878 1024 1946 μέρος
1063 1877 1154 1931 οὐκ
1193 1879 1418 1945 ἔκαμνεν,
1465 1875 1580 1944 μετὰ
1621 1877 1674 1929 δὲ
1712 1875 1802 1944 τὴν

112 1955 338 2019 ἆπότεξιν
384 1958 487 2027 ἰδίᾳ
532 1955 839 2025 χρησάμενον
893 1956 1156 2012 ὑποστάσει
1202 1960 1286 2011 καὶ
1333 1957 1560 2020 ἀσθενεῖς
1604 1959 1672 2010 ἔτι
1718 1957 1802 2022 τοὶς

112 2040 353 2107 ἐνεργείας
378 2038 490 2105 ἔχον
522 2035 745 2106 εὐμαρῶς
775 2036 872 2092 ὑπὸ
903 2045 1001 2091 τῶν
1030 2040 1429 2108 πληκτικωτέρων
1459 2038 1647 2107 πάσχει,
1678 2038 1797 2091 καθ’

112 2117 173 2173 ὃν
209 2116 394 2188 τρόπον
433 2119 515 2170 καὶ
546 2116 602 2170 τοὶ
643 2116 775 2185 φυτὰ
813 2121 1173 2188 προσηνωμένα
1213 2121 1301 2188 μὲν
1340 2121 1406 2172 ἔτι
1443 2126 1543 2182 τοῖς
1578 2118 1802 2188 μεγάλοις

109 2201 329 2269 δένδρεσι
380 2200 462 2251 καὶ
509 2205 567 2270 τῇ
614 2198 800 2252 τούτων
849 2201 1260 2269 συνδιοικούμενα
1313 2199 1579 2268 στερεότητι
1616 2221 1799 2268 καρπο-
1825 2222 1869 2254 25

227 2336 250 2374 1
285 2331 466 2374 σιτίων·
515 2330 563 2373 τί
591 2326 677 2373 σὺν
708 2330 811 2386 (sio)
844 2345 881 2375 e.
1035 2336 1060 2374 2
1096 2327 1279 2401 εὖστομ.
1316 2345 1353 2375 c.
1508 2328 1626 2374 ε’στιε
1662 2327 1742 2401 ἔση
1776 2343 1800 2373 c

110 2391 240 2446 (corr.
273 2390 344 2445 E).
498 2394 522 2432 3
558 2384 662 2433 ἐπεὶ
693 2387 755 2432 D.
790 2387 867 2434 ἐπὶ
901 2403 940 2433 e
1092 2395 1119 2433 4
1152 2404 1311 2447 αστομ.
1346 2403 1382 2433 c.
1506 2384 1651 2456 γλυκὺ
1686 2383 1743 2433 ὂν
1775 2402 1799 2432 c

110 2450 242 2518 (corr.
276 2448 345 2519 Ε).
529 2454 554 2493 6
595 2444 704 2504 ἄχρι
736 2465 823 2505 μεν
856 2463 1070 2519 σαραντα
1102 2463 1126 2493 c
1160 2449 1258 2504 (sed
1290 2450 1338 2492 in
1369 2447 1580 2505 margine
1612 2446 1799 2492 rubrica

107 2503 159 2551 τὸ
191 2504 337 2551 ποτὸν
372 2504 458 2557 ἓώς
490 2523 522 2563 μ
553 2502 716 2563 ὕδωρ).
872 2513 895 2551 7
927 2504 1056 2578 παρὰ
1090 2521 1179 2552 om.
1214 2522 1237 2551 c
1271 2507 1393 2563 (add.
1428 2507 1488 2551 Ε2
1518 2522 1563 2564 p.
1589 2509 1678 2563 44).

107 2563 253 2610 ποσόν
284 2566 344 2609 Ε.
378 2563 517 2610 πόσιν
550 2580 586 2611 c.
726 2570 753 2610 8
786 2564 1185 2618 διευτονώσαντος
1217 2581 1241 2611 o
1275 2569 1409 2637 (corr.
1443 2566 1518 2622 D).
1664 2570 1689 2610 9
1723 2561 1798 2609 εὖ·

109 2621 366 2698 χρόσαντος
398 2639 422 2668 e
453 2627 587 2697 (corr.
617 2626 690 2682 D).
846 2631 899 2670 10
918 2627 1124 2696 μετρίως
1157 2628 1283 2680 (ante
1315 2621 1532 2681 ὑπαυστ.)
1565 2625 1669 2669 add.
1703 2638 1738 2668 c.

108 2680 238 2737 ἅπαξ
270 2681 322 2728 τὸ
357 2699 419 2742 πρ
423 2685 523 2729 ,εΕ
565 2681 692 2738 ἅπαξ
725 2683 778 2730 δε
812 2701 933 2729 κατα
968 2682 1018 2728 τὸ
1052 2701 1125 2742 πρ.
1162 2700 1198 2730 c.
1354 2689 1409 2728 14
1440 2682 1743 2755 πεπιωμένου
1775 2696 1800 2726 c

110 2745 244 2815 (corr.
275 2743 344 2799 Ε).
454 2749 508 2788 17
542 2740 603 2800 μὴ
639 2742 921 2816 διαφορήσει
952 2758 1076 2795 τιςο
1206 2744 1303 2794 πῶς
1336 2743 1422 2787 οὐν
1456 2740 1636 2787 ἅπασαι
1669 2736 1798 2784 ν’στε-

110 2818 190 2857 ρον
222 2798 447 2874 ὑπάρχων
479 2816 517 2847 c.
700 2808 755 2847 22
796 2799 1025 2847 ὑποτασει
1057 2817 1081 2847 c
1115 2807 1245 2860 (corr.
1279 2803 1351 2859 D).
1535 2806 1588 2844 23
1637 2797 1712 2844 ἐπὶ
1744 2797 1796 2843 τὸ

109 2859 480 2918 πληκτικιότερον
513 2876 537 2906 c
569 2865 699 2917 (corr
734 2861 796 2905 E2
825 2878 870 2919 p.
903 2863 996 2918 44).
