2014 3162
222 765 344 816 Cum
383 766 696 832 frequentius
735 766 877 816 uobis
916 768 968 816 in
1003 766 1330 817 muliebribus
1357 765 1598 817 obstetrix
1623 769 1800 819 fuisset

109 842 404 908 necessaria,
436 840 620 890 nullam
650 842 931 891 invenimus
972 841 1244 891 studiosam
1283 857 1407 906 quae
1439 842 1629 892 litteras
1661 857 1799 908 grae·

108 930 192 964 cas
238 915 473 980 adtigisse
519 914 794 981 videretur,
848 915 1028 980 quodsi
1066 923 1116 965 et
1153 915 1408 965 habuisset
1447 918 1610 966 omnia
1648 919 1701 966 in
1735 916 1802 966 la-

107 991 301 1039 tinitate
348 989 444 1038 sibi
489 989 724 1039 translata
775 991 1030 1056 gynaecia,
1083 999 1252 1055 posset
1290 991 1534 1039 rationem
1574 990 1801 1041 lectionis

107 1065 250 1114 scire.
329 1078 418 1129 ego
459 1078 576 1113 vero
622 1062 849 1113 Musei-o
902 1066 1018 1129 quia
1055 1063 1208 1114 multa
1248 1066 1345 1113 iam
1384 1064 1555 1114 videor
1594 1080 1797 1130 quomo-

107 1137 371 1202 docunque
410 1137 738 1204 transtulisse,
777 1139 983 1187 veritate
1023 1140 1228 1187 rationis
1267 1140 1434 1203 potius
1466 1140 1606 1187 nisus
1654 1153 1800 1203 quam

105 1219 295 1262 structa
333 1213 555 1261 oratione
596 1212 669 1261 vel
710 1211 995 1276 diligentius
1044 1212 1196 1277 polita
1235 1227 1381 1279 usus,
1429 1214 1559 1262 sicut
1597 1213 1649 1261 in
1697 1228 1800 1277 op-

103 1285 386 1335 thalmico
427 1292 477 1335 et
516 1285 986 1351 chirurgumeno
1019 1285 1255 1335 filiatro
1289 1288 1437 1336 etiam
1470 1293 1519 1335 et
1551 1285 1799 1336 boethe-

104 1361 319 1409 matico
358 1359 544 1425 legisti,
583 1360 767 1425 placuit
807 1360 930 1409 mihi
967 1360 1091 1409 haec
1130 1375 1330 1424 quoque
1369 1362 1603 1425 gynaecia
1642 1361 1694 1409 in
1734 1360 1800 1409 la-

101 1435 265 1483 tinum
322 1441 517 1482 vertere
566 1448 870 1499 sermonem,
931 1433 1049 1482 licet
1103 1435 1251 1483 etiam
1297 1436 1558 1484 maximam
1606 1440 1800 1498 partem

103 1506 523 1556 triacontados
580 1506 640 1556 ad
693 1509 943 1571 integrum
990 1514 1217 1556 tenorem
1266 1514 1468 1557 secutus
1510 1508 1800 1557 Soranum

103 1580 457 1630 transtulerim.
535 1580 622 1630 sed
671 1596 785 1630 cum
834 1581 1066 1630 vidissem
1116 1581 1301 1645 grande
1350 1597 1532 1646 corpus
1572 1581 1800 1632 futurum

103 1662 155 1704 et
199 1669 346 1719 posse
395 1653 664 1703 muliebres
713 1657 902 1704 animos
950 1655 1045 1704 hac
1084 1657 1277 1705 ratione
1318 1657 1415 1704 cito
1454 1670 1573 1720 prae
1613 1656 1799 1720 magni-

103 1728 274 1778 tudine
300 1727 486 1794 lassari,
509 1728 694 1793 placuit
719 1735 847 1778 cate
857 1731 1311 1793 perotianorum
1338 1729 1629 1779 brevitatem
1647 1730 1801 1779 fuisse

104 1808 322 1869 secutus,
361 1810 417 1851 ut
455 1805 618 1851 omnia
649 1802 816 1852 dicere
847 1803 1017 1853 videar
1049 1810 1098 1853 et
1129 1818 1229 1852 non
1261 1803 1444 1868 grande
1475 1818 1657 1870 corpus
1688 1818 1799 1868 per-

102 1875 294 1926 fecisse.
363 1875 658 1941 quibusdam
703 1892 820 1926 vero
877 1877 1106 1943 capitulis
1145 1876 1355 1927 multum
1388 1877 1607 1927 breviter
1639 1876 1801 1944 dictis,

103 1950 341 2015 quaedam
374 1957 425 2000 et
456 1951 870 2001 triacontados
903 1952 1082 2019 addidi,
1119 1958 1177 2002 ut
1207 1967 1268 2001 ex
1298 1951 1530 2001 omnibus
1562 1950 1800 2001 collectus

101 2026 486 2074 commentarius
525 2025 779 2074 sufficiens
816 2040 925 2075 esse
957 2028 1128 2092 possit.
1190 2026 1267 2075 his
1299 2032 1464 2076 autem
1496 2025 1651 2075 multo
1686 2027 1799 2074 sim-

98 2098 279 2163 plicius
305 2098 436 2148 volui
459 2098 595 2164 loqui
618 2105 670 2148 et
687 2106 744 2149 ut
767 2102 934 2149 verius
958 2100 1118 2150 dicam
1143 2099 1470 2150 muliebribus
1495 2099 1659 2149 verbis
1675 2114 1798 2149 usus

99 2187 226 2238 sum,
250 2178 307 2222 ut
332 2174 479 2222 etiam
501 2174 744 2238 inperitae
771 2173 1066 2224 obstetrices
1098 2174 1213 2223 licet
1238 2173 1297 2223 ab
1324 2173 1475 2223 altera
1501 2173 1596 2223 sibi
1620 2173 1798 2223 lectam

97 2248 344 2296 rationem
383 2246 525 2297 facile
565 2247 854 2313 intellegere
895 2250 1103 2313 possint.

219 2403 458 2462 Subiunyo
490 2404 640 2460 ipsam
669 2405 911 2461 utriusque
941 2405 1109 2449 codicis
1149 2405 1220 2461 (bl
1251 2409 1292 2450 et
1322 2405 1368 2461 h)
1403 2405 1657 2459 lectionem,
1690 2405 1793 2460 pri-

93 2476 222 2508 mum
258 2463 559 2518 Hafniensis,
604 2477 720 2521 qaae
760 2469 867 2521 post
910 2465 1256 2521 inscriptionem
1311 2465 1420 2520 (litt.
1467 2465 1594 2520 mai.)
1643 2463 1791 2520 Incipi

98 2522 322 2580 prologus
351 2522 603 2568 muscionis
634 2524 743 2568 talis
767 2528 832 2568 est
855 2524 938 2578 (ωε
981 2522 1097 2567 Cum
1127 2522 1417 2579 frequentius
1450 2523 1584 2567 nobis
1615 2523 1664 2566 in
1687 2537 1788 2565 mu·

98 2581 292 2626 lieribus
335 2581 486 2627 causis
527 2583 733 2629 obsetrix
770 2582 940 2628 fuisset
977 2582 1253 2628 necessaria.
1317 2583 1498 2627 nullam
1528 2582 1790 2631 invenimus

99 2641 355 2686 studiosam
385 2640 467 2697 qui
499 2642 565 2698 (q)
597 2642 759 2686 literas
791 2655 954 2700 grecas
985 2641 1237 2699 attigisset
1287 2641 1389 2687 oms
1419 2642 1616 2698 (omnes)
1650 2640 1793 2684 etiam

100 2699 278 2745 diceret
322 2701 448 2757 quod.
497 2701 536 2744 si
581 2700 825 2746 habuisset
870 2702 920 2746 in
965 2701 1254 2747 latinitatem
1306 2701 1538 2747 translata.
1583 2699 1791 2765 genecia.

98 2761 260 2815 posset
288 2758 519 2804 rationem
549 2759 740 2805 lationis
774 2762 875 2817 (sic)
907 2761 1038 2806 scire
1085 2761 1186 2818 Ego
1219 2774 1329 2806 vero
1354 2760 1532 2804 muscio
1559 2759 1638 2815 qui
1664 2757 1791 2814 (quia

100 2816 251 2874 Cant.)
282 2818 380 2863 iam
410 2817 574 2864 videor
605 2820 839 2876 quomodo
873 2832 1052 2876 cunque
1084 2820 1380 2865 transtulisse
1413 2818 1615 2863 veritate
1647 2817 1790 2861 ratio-

99 2875 170 2920 nis
207 2876 366 2933 potius
404 2878 533 2922 nisus
574 2891 714 2934 quam
753 2878 986 2924 instructa
1024 2879 1203 2924 ratione
1244 2880 1327 2934 (sic
1366 2880 1544 2931 iterum,
1577 2875 1789 2934 oratione

1378 2950 1437 2993 1*
