2014 3162
876 104 1243 157 -53-

95 246 190 303 (51)
570 235 679 290 IIII
732 235 808 290 De
843 235 1254 306 praefocatione
1294 237 1555 292 matricis,

290 336 424 408 (26.)
451 341 628 391 Vulvae
654 343 967 407 praefocati0‚
994 358 1117 407 quae
1144 358 1169 391 a
1186 342 1384 392 Graecis
1401 345 1612 408 ysterice
1630 345 1747 408 pnix
1767 343 1898 394 dicta

216 421 313 480 est,
368 415 427 464 ab
476 431 534 465 eo
582 416 711 480 quod
760 417 992 466 mulieres
1038 417 1290 482 praefocet
1329 431 1508 466 nomen
1548 419 1750 482 accepit.
1803 417 1898 466 hoc

215 496 291 538 est
339 497 502 538 autem
542 492 754 539 retentio
803 492 1007 554 spiritus
1047 505 1161 539 cum
1200 486 1557 554 <oppressione
1597 505 1774 540 sensus
1815 489 1898 555 et>

169 571 190 603 5
215 561 427 629 silentio,
458 565 661 612 matrice
695 563 883 612 scilicet
923 564 980 612 ad
1020 570 1195 628 pectus
1227 563 1523 612 ascendente
1556 570 1606 612 et
1640 563 1899 613 mulierem

212 636 526 700 praefocante
582 639 648 686 ita
699 643 754 686 ut
802 639 941 701 qnasi
987 643 1182 685 mortua
1234 638 1402 685 iaceat.
1481 637 1693 686 efficitur
1733 643 1897 687 autem

213 709 334 758 haec
375 709 591 759 valitudo
631 710 691 759 de
732 711 981 774 frequenti
1020 709 1201 759 aborsu
1241 709 1317 758 vel
1349 710 1503 759 crudo
1543 718 1703 774 parm,
1742 711 1896 761 vidui·

212 788 311 831 tate
359 786 507 832 etiam
560 783 724 850 longa,
780 786 1055 833 retentione
1107 791 1475 832 menstruarum
1537 790 1586 832 et
1646 783 1896 834 inflatione
1985 806 1992 813 ·

212 858 445 906 matricis,
496 860 634 921 signa
673 866 836 907 autem
877 859 947 906 eis
981 864 1252 907 occurrunt
1283 857 1403 906 haec
1437 857 1568 922 quod
1600 858 1896 908 ascendente

146 940 189 972 10
212 945 411 979 sursum
459 931 516 980 ad
560 938 734 995 pectus
782 933 983 980 matrice
1024 931 1199 980 cadant
1253 946 1523 995 omnesque
1565 946 1740 980 sensus
1781 947 1895 982 cum

212 1002 408 1053 silentio
441 1006 679 1069 amittant,
719 1004 949 1054 dentibus
981 1006 1128 1054 etiam
1159 1005 1269 1054 fixis
1295 1005 1519 1070 stridant‘,
1557 1011 1608 1054 et
1633 1005 1892 1070 aliquando

213 1078 283 1126 eis
324 1093 497 1128 manus
537 1094 592 1127 ac
631 1079 783 1143 pedes
823 1086 1130 1143 urgueantur
1162 1078 1420 1143 aliquando
1460 1081 1512 1127 in
1544 1086 1738 1128 rectum
1769 1081 1895 1129 iace-

211 1158 316 1216 ant,
372 1159 422 1200 et
466 1152 755 1216 praecordia
802 1155 874 1201 eis
921 1152 1158 1202 inflentur
1210 1159 1259 1217 et
1303 1154 1410 1217 ipse
1450 1152 1624 1201 thorax
1663 1153 1896 1216 grandior

210 1224 307 1289 fiat,
346 1240 497 1274 venae
538 1228 684 1275 etiam
718 1242 842 1291 quae
874 1228 925 1275 in
958 1227 1119 1275 fronte
1153 1232 1270 1275 sunt
1301 1225 1590 1275 tumidiores
1623 1226 1895 1293 videantur,

145 1307 187 1340 15
212 1297 365 1346 sudor
421 1301 567 1348 etiam
621 1300 829 1364 frigidus
890 1315 980 1364 per
1035 1300 1210 1349 faciem
1264 1307 1314 1349 et
1367 1301 1611 1348 cervicem
1665 1299 1895 1366 destillet,

210 1370 383 1434 pulsus
438 1379 603 1422 autem
643 1373 808 1422 nullus
848 1375 1127 1422 inveniatur
1167 1380 1250 1422 aut
1289 1372 1426 1422 valde
1465 1372 1802 1438 brevissimuS‚
1843 1381 1893 1424 et

210 1443 471 1509 aliquando
519 1449 665 1496 citius
713 1447 772 1496 ad
820 1462 873 1496 se
913 1447 1118 1496 redeant
1164 1455 1213 1496 et
1253 1453 1457 1511 surgant
1497 1454 1547 1496 et
1585 1462 1708 1512 quae
1750 1462 1893 1512 passa

210 1527 326 1567 sunt
373 1522 551 1584 sciant,
607 1520 865 1585 aliquando
913 1523 1157 1588 nesciant,
1212 1519 1409 1570 doleant
1456 1523 1601 1570 etiam
1649 1527 1797 1586 caput
1843 1528 1893 1571 et

210 1593 468 1659 cervicem,
505 1593 765 1658 aliquando
806 1602 855 1643 et
893 1594 1119 1644 delirent.

142 1677 186 1709 20
322 1659 460 1734 (27.)
514 1667 630 1716 huic
677 1668 931 1716 valitudini
983 1675 1187 1732 propter
1245 1667 1495 1717 silentium
1543 1667 1728 1717 similes
1776 1675 1893 1719 sunt

210 1738 422 1788 caducae
461 1741 790 1805 apoplecticae
832 1756 955 1804 quae
997 1741 1056 1790 de
1095 1740 1351 1790 lumbricis
1392 1747 1557 1790 tacent
1595 1741 1891 1806 lethargicae

210 1814 357 1861 etiam
397 1819 447 1862 et
486 1814 816 1880 catalepticae,
868 1821 1159 1880 separantur
1198 1821 1364 1864 autem
1402 1830 1429 1864 a
1469 1830 1520 1864 se
1561 1815 1621 1863 ab
1661 1831 1718 1864 eo
1760 1815 1891 1880 quod

327 1945 354 1985 2
386 1941 584 1996 ysterice
618 1942 729 1997 pnix
759 1942 807 1985 h:
842 1941 954 1985 steri
984 1941 1156 1998 gennix
1189 1943 1229 1998 b,
1262 1942 1372 1986 steri
1403 1941 1570 1986 cennix
1601 1943 1627 1986 l.
1727 1948 1756 1987 4
1787 1957 1915 1987 cum·

208 2001 507 2058 oppressione
539 2014 696 2044 sensus
730 2002 778 2044 et
810 1999 1019 2044 silentio:
1053 2015 1159 2044 cum
1183 2000 1311 2044 omni
1337 2002 1523 2046 silentio
1556 2001 1621 2056 lh,
1654 2002 1889 2047 communi

207 2073 243 2103 s,
276 2059 315 2103 b.
454 2063 480 2102 5
514 2059 704 2103 matrice
736 2060 786 2103 h:
818 2058 1026 2103 matricis
1058 2061 1097 2115 b,
1130 2059 1298 2103 matrix
1329 2062 1365 2116 (.
1386 2096 1396 2106 .
1416 2060 1708 2117 ascendens)
1739 2062 1768 2106 l.

208 2119 255 2163 et
285 2116 526 2161 mulierem
558 2118 877 2174 prefocantern
909 2119 1006 2174 (sic)
1040 2119 1090 2163 h:
1125 2122 1172 2163 et
1201 2119 1446 2164 mulierem
1476 2119 1686 2176 prefocat
1716 2121 1756 2174 b,
1789 2130 1887 2164 mu-

208 2176 345 2221 lieres
377 2176 589 2236 prefocat
619 2178 719 2232 (om.
753 2179 815 2234 et)
848 2179 875 2221 Z.
1030 2183 1053 2222 7
1104 2178 1162 2222 de
1204 2179 1274 2222 lh:
1322 2192 1404 2223 om.
1439 2180 1477 2223 b.
1630 2183 1656 2222 9
1691 2179 1890 2224 occurrit

207 2236 354 2291 (-runt
384 2236 429 2290 h)
462 2236 578 2279 haec
610 2237 656 2280 b:
688 2235 805 2280 haec
838 2240 1084 2281 occurrunt
1115 2238 1142 2281 l.
1268 2241 1321 2280 10
1355 2251 1460 2281 cum
1491 2237 1720 2282 lentioloa
1746 2242 1752 2294 Ι
1780 2237 1885 2282 mit-

204 2297 308 2339 tant
340 2295 366 2338 b
399 2297 522 2350 (cum
553 2293 739 2338 silentio
771 2295 964 2339 mittant
994 2297 1041 2351 l),
1074 2309 1112 2340 c.
1145 2310 1179 2340 S.
1214 2296 1436 2340 amittant
1465 2297 1506 2340 h.
1632 2301 1686 2339 12
1719 2309 1886 2353 urgue-

206 2356 344 2397 antur
376 2354 427 2397 bl
464 2356 514 2406 (n
543 2367 687 2409 supra
717 2369 740 2397 r
771 2355 808 2398 10
850 2356 880 2398 i.
914 2368 946 2397 e.
980 2357 1311 2411 ungueantur):
1344 2356 1567 2410 torquent
1597 2356 1627 2399 h
1658 2353 1882 2413 (συνολκή

204 2428 251 2457 τε
286 2409 569 2468 σπασμώδης
606 2413 698 2456 τῶν
729 2409 888 2469 ἄκρων
928 2413 1027 2458 Sor.
1062 2418 1177 2467 228,
1201 2415 1262 2468 1).
1326 2414 1383 2468 cf.
1417 2415 1627 2470 torqueri
1650 2429 1700 2470 p.
1733 2417 1810 2469 60,
1841 2419 1884 2459 1.

267 2476 319 2514 13
352 2469 539 2515 infletur
572 2472 634 2517 bl.
746 2476 799 2516 15
831 2471 1031 2516 distillat
1055 2473 1094 2516 b.
1206 2477 1261 2516 17
1293 2474 1341 2517 et
1356 2474 1438 2528 (q.)
1458 2474 1492 2517 Z:
1525 2486 1609 2517 om.
1644 2473 1721 2519 bh.
1832 2478 1886 2518 18

207 2529 396 2574 doleant
425 2531 476 2573 h:
510 2530 637 2574 dolet
668 2531 693 2574 b
728 2531 904 2587 (doleat
935 2532 980 2584 l).
1081 2533 1222 2586 caput
1252 2533 1300 2575 et
1331 2530 1560 2576 cervicem
1592 2533 1675 2576 bh:
1709 2532 1886 2587 (doleat

204 2588 346 2633 etiam
379 2587 459 2645 eis)
494 2591 634 2645 caput
665 2591 713 2633 et
743 2589 890 2634 cervis
923 2591 951 2635 l.
1106 2594 1158 2633 19
1192 2589 1391 2634 delirent
1422 2591 1458 2634 Z:
1491 2591 1700 2635 delerent
1731 2592 1796 2635 bh
1827 2593 1886 2648 (et

207 2648 274 2702 l0).
428 2651 484 2691 21
517 2647 676 2693 tacent
707 2649 779 2692 bl:
813 2648 968 2692 iacent
997 2649 1039 2694 h.
1190 2647 1405 2705 litargice
1438 2649 1479 2705 b,
1510 2647 1826 2708 lithar<gi>ce
1857 2651 1886 2694 h

203 2705 446 2765 (letargice
479 2707 524 2762 l).
557 2707 661 2750 item
691 2708 822 2762 infra
845 2721 894 2763 p.
918 2711 992 2761 59,
1016 2711 1089 2752 10.
1211 2711 1266 2750 22
1301 2708 1348 2750 et
1377 2708 1426 2751 h:
1459 2721 1541 2752 om.
1575 2709 1637 2752 bl.
1760 2711 1888 2753 cata-

203 2763 364 2824 lem<p
387 2763 566 2824 h>tiees
599 2767 639 2820 b,
672 2765 989 2826 cataslemtiee
1022 2767 1143 2823 (item
1174 2766 1303 2821 infra
1329 2780 1378 2823 p.
1411 2768 1486 2820 59,
1513 2767 1587 2822 10)
1620 2768 1650 2811 l.
1778 2781 1806 2825 a
1837 2781 1884 2812 se

203 2824 262 2867 ab
295 2837 349 2868 eo
382 2825 465 2868 bh:
499 2837 547 2868 se
580 2825 639 2869 ab
673 2839 726 2870 eo
761 2826 788 2870 l.
