2014 3162
752 111 1118 164 ...89-

90 246 150 296 ab
190 245 417 294 omnibus
456 245 630 294 melior
663 246 932 296 descensus
971 262 1060 310 per
1101 254 1248 310 caput
1287 249 1551 298 invenitur.
1607 250 1693 298 sed
1734 252 1776 298 si

87 319 238 385 pedes
278 318 463 368 fuerint
501 321 843 386 proximioreS,
882 322 1017 385 ipsos
1058 320 1392 384 adprehendat
1432 329 1481 372 et
1514 325 1583 372 sic
1624 323 1774 372 addu-

89 407 202 442 cere
243 398 465 442 conetur.

709 462 868 518 (XIIII.
901 461 1156 518 PARTVS)

199 581 285 634 25.
347 583 410 633 Et
457 586 500 633 si
543 585 713 648 plures
761 584 820 633 ab
867 601 966 634 uno
1007 586 1213 651 fuerint,
1266 592 1368 635 tres
1407 585 1483 634 vel
1506 581 1775 651 'quattuo13

86 665 143 708 ut
187 658 446 722 aliquando
496 658 621 707 solet
661 661 880 725 evenire,
928 667 978 708 et
1024 659 1170 709 simul
1213 675 1383 708 omnes
1425 675 1476 708 se
1532 659 1591 708 ad
1646 660 1775 708 orifi-
1800 668 1821 701 5

87 733 219 782 cium
259 731 562 781 contulerint
600 739 656 781 ut
694 734 745 781 in
785 748 940 782 unum
971 735 1159 798 pariter
1192 735 1325 783 exire
1358 740 1615 799 conentur,
1656 734 1774 798 quid

85 802 363 855 faciemus?

31 879 34 882 ⁴
197 881 328 928 sicut
374 881 605 944 superius
645 879 934 944 frequenter
974 881 1090 948 dixi,
1129 883 1334 930 inmissa
1373 896 1521 931 manu
1562 896 1650 930 sua
1690 881 1774 930 ob-

85 955 260 1002 stetrix
311 967 482 1002 omnes
521 954 572 1001 in
612 955 776 1003 sinum
817 954 987 1004 vulvae
1027 954 1247 1020 repellat,
1288 962 1337 1004 et
1376 957 1448 1004 sic
1488 955 1776 1019 singillatim

86 1026 298 1076 eiciendi
339 1033 468 1076 sunt.
1798 1038 1843 1070 10

724 1096 840 1151 (XV.
874 1096 1130 1154 PARTVs)

194 1218 316 1268 haec
363 1226 528 1268 autem
580 1221 742 1268 omnia
780 1219 958 1269 leniter
998 1227 1047 1270 et
1087 1223 1192 1270 sine
1234 1222 1548 1286 quassatione
1588 1220 1648 1268 ah
1689 1220 1773 1269 ob-

85 1294 286 1342 stetrice
326 1292 548 1342 facienda
580 1301 710 1358 sunt,
749 1295 818 1343 ita
853 1301 910 1343 ut
941 1295 1252 1360 frequentius
1285 1294 1449 1344 oleum
1480 1294 1694 1343 calidum
1726 1301 1776 1344 et

83 1365 362 1431 praedictos
417 1382 563 1416 sucos
619 1367 747 1416 faeni
802 1370 967 1431 graeci
1013 1376 1062 1418 et
1107 1368 1196 1418 lini
1243 1369 1446 1417 seminis
1501 1374 1551 1417 et
1588 1367 1774 1416 malvae

84 1446 253 1490 coctae
298 1440 420 1490 locis
474 1441 595 1505 ipsis
640 1441 879 1491 infundat.
971 1442 1064 1492 hac
1127 1443 1259 1491 enim
1305 1441 1557 1506 diligentia
1606 1441 1774 1506 lapsus

83 1513 354 1563 infantibus
407 1520 731 1579 praeparatur
784 1522 841 1564 ut
895 1517 1001 1564 sani
1055 1516 1261 1565 evadere
1311 1517 1504 1580 possint
1551 1522 1600 1564 et
1647 1530 1772 1580 quae
1799 1529 1840 1560 15

83 1589 214 1651 parit
269 1589 374 1636 sine
429 1591 684 1637 vexatione
740 1595 978 1639 servetur.
1070 1590 1312 1654 plurimos
1377 1591 1508 1638 enim
1561 1589 1774 1638 infantes

81 1667 196 1725 post
251 1661 595 1711 difficillimum
642 1669 840 1726 partum
887 1665 1103 1712 evasisse
1152 1665 1471 1728 cognovimus
1515 1670 1565 1712 et
1610 1664 1774 1712 vivere

82 1734 323 1784 videmus.

206 1897 229 1935 1
265 1892 324 1936 ab
357 1892 569 1938 omnibus
601 1892 838 1938 discensus
868 1909 914 1950 p.
948 1908 986 1938 c.
1019 1893 1185 1938 melius
1215 1894 1245 1939 i.
1280 1895 1310 1938 l.
1483 1898 1509 1937 2
1540 1893 1618 1938 vel
1647 1893 1773 1950 ipsos

81 1951 255 1996 teneat.
289 1954 338 1996 et
368 1951 435 1996 sic
465 1951 670 1997 adducat
699 1954 741 1998 h.
894 1957 923 1996 4
952 1953 1016 2010 pl.
1050 1954 1109 1998 ab
1140 1967 1231 1998 uno
1262 1952 1436 1998 fuerint
1467 1954 1540 1997 lh:
1594 1954 1656 2010 pl.
1691 1953 1774 1998 ha·

1697 2022 1740 2045 01

81 2051 272 2099 buerint
304 2056 346 2100 b.
525 2057 619 2100 tres
651 2056 727 2100 vel
759 2057 981 2112 quattuor
1013 2057 1085 2101 bl:
1130 2056 1170 2100 si
1202 2056 1294 2100 duo
1325 2057 1408 2100 aut
1437 2058 1532 2101 tres
1561 2055 1639 2100 vel
1669 2055 1772 2102 IIII.

85 2116 193 2158 sunt
222 2114 265 2158 h.
450 2117 477 2158 5
524 2117 578 2159 ut
608 2115 784 2172 (aut‘b)
809 2140 866 2147 —
892 2117 1077 2159 evenire
1109 2117 1180 2172 (ut
1209 2115 1298 2160 XII
1330 2117 1439 2159 sunt
1468 2116 1535 2160 sic
1566 2116 1692 2172 add.)
1724 2116 1772 2159 b:

82 2184 166 2216 om.
200 2173 268 2220 lh.
419 2187 577 2218 omnes
624 2187 708 2220 om.
750 2175 793 2220 h.
947 2180 973 2218 6
1004 2177 1058 2220 ut
1082 2200 1136 2208 -
1163 2175 1389 2219 conentur
1419 2176 1591 2230 (metui-
1622 2175 1666 2231 b)
1699 2175 1795 2223 blz,

50 2263 52 2266 ψ
81 2242 165 2276 om.
196 2232 238 2276 h.
359 2232 408 2276 in
438 2237 534 2277 unfi
565 2234 602 2287 Z,
645 2248 789 2278 unum
821 2235 860 2279 b.
984 2238 1010 2278 8
1043 2249 1075 2277 s.
1110 2248 1144 2278 s.
1178 2233 1275 2277 dixi
1303 2233 1572 2289 frequenter
1602 2234 1643 2287 b,
1676 2247 1711 2277 S.
1737 2247 1772 2278 s.

80 2288 345 2346 frequenter
382 2291 583 2336 diximus
623 2293 660 2346 Z,
717 2293 856 2337 sicuti
894 2292 1188 2348 fmquencius
1230 2291 1325 2336 dixi
1354 2293 1397 2336 h.
1577 2291 1774 2336 inmissa

82 2371 141 2382 —
163 2349 369 2395 obsetrix
399 2364 483 2397 om.
514 2351 544 2394 h
585 2351 684 2407 (ubi
713 2353 780 2397 sic
809 2352 860 2395 in
904 2352 1057 2396 sinum
1098 2352 1238 2412 vulve
1279 2365 1442 2404 omnes
1477 2351 1770 2407 repellendis,

83 2407 132 2453 et
161 2421 196 2453 s,
229 2424 262 2452 S.
296 2409 529 2465 eiciendi).
683 2415 736 2455 10
777 2412 923 2468 (sunt)
947 2425 1123 2460 ,omnes
1155 2411 1261 2455 add.
1295 2412 1324 2454 l.
1479 2415 1534 2454 13
1572 2409 1680 2454 feno
1712 2411 1773 2466 (b,

83 2465 120 2510 -i
151 2467 187 2523 l,
219 2482 270 2511 -u
299 2470 347 2525 h)
377 2469 518 2525 greci.
678 2474 735 2514 14
766 2473 814 2514 et
843 2469 1001 2527 lapsus
1032 2470 1291 2515 infantibus
1323 2470 1373 2524 h,
1427 2468 1612 2526 lapsum
1645 2469 1772 2512 exitii

81 2523 274 2577 infantis
307 2529 354 2584 b,
386 2528 524 2585 lapsu
558 2528 687 2573 exitii
717 2529 889 2573 infanti
919 2531 947 2573 l.
1072 2533 1127 2574 16
1161 2529 1258 2573 sine
1291 2543 1391 2573 vex.
1425 2531 1472 2572 et
1503 2528 1601 2572 sine
1634 2541 1771 2583 quas-

83 2584 262 2630 satione
294 2602 327 2631 s.
359 2588 402 2633 h.
523 2587 748 2644 plurimos
782 2589 958 2645 (plures
988 2589 1035 2646 h)
1068 2588 1191 2633 enim
1221 2587 1424 2633 infantes
1457 2588 1530 2631 lh:
1563 2600 1645 2631 om.
1672 2587 1713 2631 b.

84 2646 142 2686 18
172 2644 381 2690 videmus
414 2646 486 2690 bl:
518 2646 720 2691 vidimus
750 2648 792 2691 h.
