2014 3162
763 74 1127 127 —55-

101 220 154 264 et
184 227 332 276 supra
364 213 611 276 pectinem
645 212 919 261 tensionem
952 210 1148 259 habent.
1195 205 1329 278 (20.)
1363 214 1592 276 quotiens
1624 220 1788 261 autem

100 285 282 336 collum
328 287 546 335 matricis
592 287 643 334 in
691 299 837 334 causa
890 291 987 350 est,
1034 291 1148 349 post
1194 285 1436 334 orificium
1476 287 1583 334 eius
1624 293 1788 335 tumor

101 374 216 410 cum
255 359 448 408 fervore
487 361 738 408 invenitur
769 360 837 407 ita
876 364 931 407 ut
963 373 1051 423 pes
1085 357 1308 406 mulieris
1340 360 1427 422 qui
1456 358 1572 407 huic
1604 362 1789 409 tumori

99 434 354 499 proximus
402 440 478 482 est
525 447 823 482 consensum
871 431 1046 480 habeat
1097 431 1281 480 doloris
1322 438 1370 480 et
1409 431 1688 496 inpediatur
1728 433 1787 482 ad

100 505 462 572 ambulandum,
501 508 712 556 retentio
746 507 894 555 etiam
926 507 1098 555 urinae
1131 504 1207 554 vel
1240 511 1517 554 stercorum
1549 505 1625 554 vel
1657 512 1786 555 utra-

98 595 308 644 rumque
349 595 518 629 rerum
558 581 654 646 fiat,
704 579 947 644 siquidem
999 573 1258 644 aliquando
1298 594 1412 643 pars
1454 581 1561 628 eius
1601 582 1786 644 patitur

99 668 223 718 quae
255 653 483 718 longaoni
515 657 794 719 superiacet
826 659 875 702 et
907 652 1167 717 aliquando
1199 652 1281 701 illa
1306 654 1534 717 superior
1559 654 1639 703 cui
1673 653 1785 702 sub-

98 729 223 777 iacet
261 729 436 777 vesica.
506 727 765 792 aliquando
798 742 943 776 omne
976 726 1157 776 collum
1197 728 1304 776 eius
1343 729 1394 776 in
1435 742 1580 776 causa
1620 734 1696 777 est
1737 735 1786 777 et

98 801 273 850 exinde
313 801 483 851 ambae
522 817 603 851 res
634 801 971 866 inpediuntur.
1028 795 1163 869 (21.)
1204 799 1291 849 sed
1326 802 1365 849 si
1397 800 1528 850 basis
1562 803 1668 851 eius
1702 803 1787 866 qui

98 876 235 924 sinus
271 874 452 924 dicitur
491 875 718 924 habuerit
760 889 972 941 causam,
1012 873 1092 923 hic
1132 890 1158 923 a
1198 874 1319 923 foris
1360 874 1499 923 dolor
1540 882 1589 924 et
1620 881 1786 924 tumor

95 955 148 998 et
180 948 365 998 inflatio
399 951 663 999 invenitur.
704 950 745 997 si
771 950 902 998 enim
934 963 1048 1014 pars
1079 950 1236 1013 ipsius
1270 963 1394 1013 quae
1427 950 1478 996 in
1510 951 1676 1013 priore
1713 957 1787 999 est

97 1037 294 1072 causam
333 1022 575 1090 habuerit,
615 1037 764 1088 supra
802 1025 1050 1087 pectinem
1098 1029 1174 1071 est
1211 1022 1351 1071 dolor
1391 1028 1441 1071 et
1480 1022 1691 1088 inflati0‚
1738 1031 1788 1072 et

97 1098 239 1145 urina
279 1097 542 1147 detinetur.
621 1099 665 1146 si
702 1112 819 1146 vero
860 1098 1107 1162 posterior
1145 1111 1261 1161 pars
1301 1095 1691 1163 eiushabuerit‚
1735 1099 1786 1146 in

97 1170 300 1220 renibus
341 1172 447 1220 eius
487 1170 627 1220 dolor
667 1178 716 1220 et
754 1176 922 1220 tumor
962 1172 1056 1220 erit
1096 1177 1146 1220 et
1184 1177 1404 1220 stercora
1448 1170 1784 1236 inpediuntur.

97 1245 140 1293 si
177 1259 294 1293 vero
334 1246 385 1293 in
423 1243 677 1310 lateribuS‚
716 1244 785 1294 ibi
826 1244 1026 1310 quidem
1066 1251 1312 1293 tumorem
1352 1246 1572 1293 invenies
1613 1251 1662 1293 et
1700 1244 1783 1293 do-

97 1316 267 1367 lorem.
344 1319 497 1368 fundo
537 1333 654 1368 vero
694 1320 914 1368 matricis
954 1320 1004 1367 in
1045 1333 1193 1375 causa
1231 1319 1416 1384 posit0,
1467 1325 1516 1367 et
1556 1318 1696 1366 dolor
1736 1325 1786 1368 et

95 1393 255 1441 tensio
296 1398 346 1442 et
385 1392 597 1457 gravedo
630 1394 681 1441 in
712 1394 820 1457 ipso
855 1391 1087 1441 umbilico
1122 1398 1284 1441 erunt.
1335 1407 1447 1440 nam
1473 1391 1785 1456 frequentius

97 1471 147 1525 et
191 1467 355 1531 ipsum
401 1466 646 1516 orificium
693 1481 930 1531 rugosum
979 1468 1074 1515 erit
1113 1472 1163 1515 et
1200 1467 1335 1515 intus
1374 1467 1626 1515 insursum
1668 1481 1783 1515 con-

94 1538 311 1605 ducitur,
350 1547 406 1589 ut
444 1539 504 1588 ab
544 1539 896 1590 obstetricibus
937 1541 1189 1605 inspectae
1222 1539 1356 1589 nulla
1388 1554 1535 1588 causa
1568 1541 1786 1589 matricis

105 1651 358 1697 ...habeat
390 1653 453 1696 bl.
606 1657 632 1696 2
680 1652 731 1696 in
763 1666 902 1697 causa
934 1653 1003 1696 est
1033 1653 1140 1708 posi:
1172 1647 1327 1709 (μετὰ)
1361 1665 1401 1695 ο.
1445 1653 1536 1708 (est
1566 1651 1615 1695 in
1647 1665 1788 1696 causa

95 1712 204 1767 posi:
235 1724 275 1756 0.
308 1712 380 1768 h):
427 1711 723 1767 inconposito
757 1713 826 1756 est
855 1711 905 1754 in
937 1725 977 1755 o.
1012 1712 1058 1767 b,
1106 1711 1154 1755 in
1186 1710 1443 1767 composito
1476 1712 1560 1755 est.
1595 1712 1633 1754 85
1665 1711 1713 1755 in
1745 1726 1784 1755 o.

115 1805 124 1814 .
246 1774 272 1813 3
306 1784 410 1814 cum
441 1784 523 1815 om.
558 1771 597 1815 b.
721 1784 803 1827 pes
837 1769 1032 1827 (σκέλος)
1065 1771 1114 1814 h:
1147 1772 1305 1814 uterus
1339 1771 1402 1814 bl.
1527 1770 1609 1826 qui
1634 1796 1688 1802 —
1714 1773 1787 1814 est

92 1828 143 1872 h:
176 1841 258 1874 om.
285 1830 336 1873 bl
368 1830 443 1886 (ef.
470 1829 569 1874 Sor.
588 1843 638 1886 p.
657 1831 966 1887 260,9—-11).
1090 1834 1115 1874 5
1148 1831 1450 1886 utrarumque
1482 1830 1532 1873 h:
1567 1830 1787 1886 utra(az)-

94 1901 185 1943 que
217 1889 280 1933 bl.
435 1893 461 1933 6
493 1888 577 1934 fiat
608 1890 682 1934 lh:
723 1888 868 1933 faciat
899 1890 939 1933 b.
1094 1893 1118 1933 7
1150 1888 1373 1946 longaoni
1406 1887 1619 1946 supiacet
1650 1890 1665 1932 l
1697 1890 1784 1946 (ωε

94 1946 338 2002 longaonis
371 1947 546 1992 abiecit
577 1949 617 1992 b.
747 1949 795 1991 et
826 1946 1079 2004 aliquando
1111 1948 1196 1992 illa,
1228 1948 1436 2005 superior
1468 1947 1542 1991 cui
1574 1947 1785 1993 subiacet

95 2004 269 2050 vissiea
300 2008 372 2051 bl:
405 2021 488 2051 om.
519 2007 562 2052 h.
686 2013 712 2052 8
746 2021 882 2051 omne
913 2009 942 2051 h
975 2007 1093 2063 (Sor.
1127 2009 1358 2063 260,16):
1393 2006 1516 2051 enim
1549 2008 1612 2051 bl.
1736 2007 1786 2051 in

95 2078 236 2110 causa
279 2068 350 2110 esi:
389 2067 479 2123 (esi.
515 2066 566 2110 in
604 2080 746 2111 causa
774 2067 842 2123 h):
890 2065 1187 2123 inconposito
1219 2067 1291 2110 est
1338 2067 1402 2111 bl.
1584 2067 1631 2111 ei:
1676 2066 1783 2110 inde

93 2125 233 2169 amba
260 2127 266 2180 Ι
293 2125 366 2169 res
395 2126 447 2170 h:
497 2126 546 2170 et
576 2125 741 2171 exinde
773 2125 1013 2170 ambulare
1047 2127 1107 2170 bl.
1294 2130 1320 2168 9
1362 2125 1402 2169 si
1432 2125 1616 2169 inbases
1648 2126 1694 2181 b,
1747 2126 1785 2170 si

92 2185 268 2257 iniiasis
302 2214 318 2258 Ζ
350 2214 449 2270 (ubi
478 2215 545 2261 sie
574 2216 604 2259 h
636 2215 676 2259 si
708 2214 943 2272 capacitas
975 2214 1073 2260 eius
1103 2214 1185 2271 qui
1216 2213 1343 2258 sinus
1374 2213 1450 2271 d.).
1574 2219 1630 2260 10
1655 2213 1781 2259 sinus

93 2266 143 2316 h:
184 2286 298 2316 anus
332 2275 394 2318 bl.
542 2287 729 2319 causam
760 2287 844 2318 om.
878 2275 955 2318 bl:
994 2274 1099 2319 add.
1132 2275 1176 2319 h.
1317 2278 1370 2317 12
1403 2287 1592 2318 causam
1625 2274 1693 2319 h.:
1727 2278 1782 2318 cst

93 2330 205 2387 (pro
237 2333 308 2389 ca)
340 2332 386 2378 h.
421 2333 473 2377 bl
505 2334 606 2390 (om.
638 2334 667 2378 h
698 2347 798 2378 cum
829 2334 954 2390 sqq.)
1091 2337 1144 2377 13
1179 2332 1422 2377 detenetur
1453 2334 1506 2378 bl
1537 2332 1783 2390 (retinetur

91 2390 153 2446 h).
311 2395 364 2435 15
404 2391 652 2449 Habet-ibus
789 2393 956 2437 abhinc
985 2393 1038 2436 in
1069 2393 1095 2437 b
1127 2393 1238 2447 folio
1270 2393 1466 2437 lacerato
1497 2397 1660 2449 septem
1690 2405 1783 2436 ver-

95 2461 230 2493 suum
261 2463 375 2508 seqq.
409 2452 578 2496 absunt
600 2456 762 2508 partes
790 2455 1026 2506 extremae,
1057 2452 1248 2507 insuper
1277 2452 1330 2495 i‘n
1360 2452 1492 2496 tertio
1524 2456 1674 2496 textus
1696 2452 1783 2495 dit-

94 2510 343 2565 toyraphia
391 2511 647 2567 (ambulare
693 2510 996 2568 inpediuntur
1041 2514 1119 2555 ete.
1165 2524 1206 2556 v.
1238 2515 1267 2555 9
1295 2536 1348 2542 —
1380 2510 1591 2556 invenies
1630 2524 1670 2556 v.
1706 2512 1781 2566 15)

92 2570 300 2624 corrupti
329 2570 518 2626 vestiyia
549 2574 720 2616 extant.
761 2574 867 2626 post
889 2583 1026 2626 quam
1057 2570 1236 2626 quidem
1267 2571 1422 2614 omnia
1452 2570 1614 2614 desum
1644 2582 1784 2625 usque

95 2627 157 2670 ad
181 2640 230 2682 p.
265 2631 340 2682 56,
366 2632 424 2673 17
458 2628 509 2672 Si
538 2643 648 2674 vero
679 2629 1046 2686 perseveraverit
1077 2633 1154 2673 etc.
1329 2634 1382 2673 16
1414 2628 1558 2672 fundo
1589 2642 1699 2672 vero
1732 2629 1780 2671 h:

93 2683 134 2729 si
161 2683 212 2729 in
241 2686 383 2731 fundo
417 2689 464 2743 (ἦ
489 2688 532 2743 b)
558 2688 622 2733 bl.
744 2688 792 2732 in
825 2701 966 2732 causa
995 2687 1150 2744 posito
1183 2690 1230 2732 ei:
1259 2689 1308 2732 h:
1341 2687 1631 2744 inconposito
1657 2688 1728 2731 est
1752 2687 1780 2732 Z.

157 2748 209 2788 17
244 2745 332 2789 erit
362 2747 400 2802 l,
449 2747 555 2790 suni:
584 2747 626 2792 h.
770 2760 879 2791 nam
910 2747 1025 2802 freq.
1058 2751 1136 2792 ete.
1169 2748 1276 2792 haee
1307 2748 1472 2792 absunt
1504 2748 1555 2790 in
1586 2747 1612 2791 b
1644 2758 1782 2802 usque

94 2803 157 2846 ad
187 2816 226 2847 v.
253 2808 311 2849 17
334 2819 384 2861 p.
411 2808 485 2850 56.
611 2810 665 2851 19
697 2805 904 2863 inspecte
936 2807 1036 2863 (sic)
1069 2807 1135 2850 lh.

1812 887 1854 918 lo

1812 1254 1853 1288 15
