2014 3162
855 125 1219 178 —28—

194 275 369 325 aquam
412 259 586 309 salsam
629 267 677 310 et
716 262 963 326 cyminum
1003 269 1053 309 et
1092 259 1323 309 Strobilos
1363 266 1413 308 et
1443 259 1638 309 alumen
1669 261 1881 310 scissum

194 342 243 382 et
290 333 546 400 hederam,
594 350 718 399 quae
768 336 930 384 omnia
977 333 1206 383 acredine
1246 348 1334 382 sua
1372 334 1611 398 impetum
1650 333 1876 383 fervurae

193 407 446 471 duplicare
484 417 707 473 possunt.
786 407 936 457 rebus
985 410 1116 457 enim
1163 406 1405 456 calasticis
1444 415 1609 456 tumor
1649 422 1877 456 mamma-

146 495 169 526 4
192 495 303 529 rum
343 481 469 531 bene
510 483 764 547 accipitur.

75 560 166 616 (25)
305 554 387 605 76.
444 555 633 613 Quibus
688 556 839 606 rebus
878 554 1145 620 probamus
1183 554 1422 604 infantem
1462 560 1631 619 aptum
1671 569 1780 603 esse
1821 554 1881 603 ad

193 627 551 679 nutriendum?

306 719 365 752 ex
413 719 470 752 eo
523 703 654 767 quod
710 718 766 752 ea
816 717 939 766 quae
987 701 1125 751 illum
1164 704 1214 750 in
1254 709 1398 751 utero
1437 700 1611 749 habuit
1649 700 1882 750 omnibus

191 776 446 826 mensibus
496 777 589 826 fuit
641 792 771 842 sana,
819 775 953 825 vitali
992 778 1139 825 etiam
1179 790 1348 824 mense
1389 777 1453 824 sit
1490 780 1634 823 natus
1673 775 1879 838 ipseque

189 850 424 916 parvulus
463 850 692 900 omnibus
731 849 954 915 partibus
995 850 1146 899 fuerit
1183 852 1389 914 integer,
1430 863 1601 898 omnes
1640 862 1789 913 poros
1833 855 1884 897 et

116 932 167 970 *10
192 926 353 974 exitus
401 931 627 989 patentes
671 923 847 973 habeat
886 938 1155 988 vocemque
1195 923 1400 972 solidam
1439 923 1605 972 statim
1643 928 1700 972 ut
1739 921 1883 970 cadat

192 999 397 1063 emittat⁷
434 1000 645 1047 maxime
686 1013 798 1047 cum
838 997 1118 1063 adpunctus
1158 997 1309 1046 fuerit
1348 1003 1433 1046 aut
1470 995 1683 1045 molliter
1716 994 1881 1060 digitis

188 1087 408 1138 pressuS,
450 1087 621 1121 vocem
660 1074 833 1121 mittat.
911 1071 1032 1120 haec
1078 1072 1241 1120 omnia
1281 1072 1502 1135 integrae
1543 1068 1882 1119 sensibilitatis

190 1153 307 1195 sunt
357 1147 640 1195 testimonia
687 1151 736 1194 et
782 1145 927 1210 pleno
967 1154 1192 1210 tempore
1232 1151 1401 1194 natum
1439 1144 1677 1193 infantem
1718 1150 1882 1191 osten-

190 1218 329 1268 dunt.
1496 1267 1498 1269 .

124 1304 166 1338 15
304 1290 387 1342 77.
429 1291 620 1350 Quibus
659 1291 915 1341 mensibus
954 1291 1125 1341 vitales
1166 1288 1475 1341 nascuntur?

301 1368 510 1415 maxime
550 1365 749 1430 quidem
789 1365 980 1414 decimo
1020 1372 1070 1414 et
1116 1380 1261 1431 n0n0‚
1308 1365 1526 1414 secundo
1566 1363 1739 1413 ordine
1772 1378 1882 1427 sep-

189 1441 323 1489 tim0.
386 1439 517 1488 unde
558 1439 756 1488 difficile
798 1447 873 1488 est
912 1439 1101 1503 aliquos
1143 1439 1349 1488 evadere
1383 1441 1468 1503 qui
1505 1445 1675 1488 octavo
1708 1451 1879 1487 mense

189 1520 475 1563 nascuntur.

71 1591 163 1647 (26)
303 1585 385 1637 78.
428 1586 633 1644 Quando
674 1585 962 1636 umbilicum
1001 1586 1290 1651 praecidere
1329 1582 1609 1635 debemus?

123 1674 166 1707 20
302 1675 415 1709 cum
455 1660 646 1709 modice
686 1660 848 1709 infans
880 1661 1184 1724 requieverit
1214 1662 1266 1708 in
1298 1667 1449 1725 terra,
1486 1675 1513 1708 a
1544 1664 1716 1708 ventre
1742 1665 1880 1723 quat-

189 1740 304 1783 tuor
359 1734 525 1798 digitis
588 1733 733 1798 longe
788 1733 1017 1798 scalpello
1067 1740 1152 1782 aut
1198 1733 1358 1783 cultro
1408 1734 1691 1782 acutissimo
1737 1748 1878 1797 prae-

190 1807 428 1857 cidendus
469 1813 560 1873 est,
599 1823 691 1856 nec
731 1808 1075 1872 superstitioni
1113 1809 1430 1872 antiquorum
1469 1806 1881 1856 consentiendum

189 1883 274 1946 qui
320 1881 420 1931 lino
469 1887 554 1930 aut
598 1883 724 1930 vitro
765 1881 840 1930 vel
881 1895 1035 1930 canna
1074 1888 1217 1930 acuta
1257 1887 1341 1930 aut
1380 1882 1566 1930 cortice
1606 1882 1747 1945 panis
1804 1895 1879 1930 se-

189 1954 377 2004 cabant.
434 1954 610 2004 deinde
653 1969 766 2004 cum
805 1954 1122 2020 praecideriS,
1162 1956 1451 2020 sanguinem
1490 1956 1577 2019 qui
1616 1957 1668 2003 in
1707 1969 1765 2003 eo
1798 1969 1874 2003 re·
1916 1954 1918 1957 ’

310 2087 331 2124 1
367 2082 414 2124 et
446 2082 700 2138 eyminum:
735 2081 938 2125 acimim'i
964 2082 1004 2137 b,
1038 2081 1223 2138 cymim’i
1247 2083 1348 2137 (om.
1375 2082 1441 2138 et)
1469 2082 1534 2126 lh.
1657 2080 1876 2127 strobilos

190 2141 255 2185 bh
289 2139 430 2196 (—illos
465 2142 517 2196 l):
552 2141 642 2197 leqe
671 2139 869 2184 tribulos
901 2142 1020 2197 (cum
1045 2141 1144 2185 Sor.
1170 2142 1270 2198 9r.).
1396 2146 1422 2184 2
1454 2140 1629 2185 hedera,
1662 2141 1677 2184 Ζ
1710 2141 1868 2197 (edera

185 2200 256 2256 h):
288 2199 456 2243 aedere
487 2200 527 2244 b.
651 2198 862 2256 agridine
895 2201 936 2255 b,
969 2199 1173 2244 acridine
1207 2201 1236 2244 Ζ.
1343 2200 1524 2245 ferbure
1556 2201 1598 2254 b,
1629 2199 1813 2245 fervore
1844 2201 1874 2256 Ζ,

185 2257 369 2317 fervure
401 2259 441 2302 h.
581 2263 606 2302 3
639 2258 835 2315 possunt
866 2259 952 2315 (h):
987 2258 1136 2315 possit
1168 2260 1232 2304 bl.
1379 2261 1537 2303 tumor
1566 2272 1876 2303 mammarum

187 2318 273 2362 bh:
305 2318 487 2362 tumore
519 2317 785 2361 mamillam]
818 2318 846 2361 Z.
983 2322 1011 2361 4
1041 2318 1158 2362 bene
1191 2318 1419 2376 accipitur
1451 2319 1521 2363 bl:
1554 2318 1716 2363 sedare
1747 2318 1876 2363 valet

187 2377 229 2420 h.
354 2380 380 2420 5
411 2376 482 2419 Ex
514 2376 678 2432 quibus
711 2378 727 2420 Ζ
734 2377 776 2420 h.
898 2376 1124 2421 infantem
1148 2379 1311 2422 natum
1335 2379 1498 2434 aptum
1521 2378 1551 2421 h
1575 2378 1690 2434 (sim.
1708 2375 1873 2434 Cana).

246 2439 272 2479 8
306 2449 420 2480 sana
451 2434 542 2479 fuit
573 2436 637 2479 ΖΖι.
758 2437 863 2490 fort.
882 2436 960 2492 leq.
995 2435 1035 2479 si
1063 2437 1202 2480 natus
1232 2436 1331 2493 ipse
1362 2452 1407 2493 p.
1511 2441 1537 2481 9
1571 2450 1820 2493 omnesque
1845 2437 1873 2481 Ζ.

245 2507 382 2551 poros
417 2494 502 2550 (h):
551 2508 688 2550 porus
721 2495 768 2549 b,
816 2508 956 2550 puros
987 2495 1015 2538 Ζ.
1138 2500 1194 2539 10
1225 2496 1451 2551 patentib3
1484 2496 1524 2540 b.
1649 2500 1701 2538 11
1736 2495 1875 2540 amit-

186 2555 261 2598 tat
292 2555 330 2597 b.
487 2558 540 2597 13
575 2552 781 2598 ostendit
812 2554 914 2598 blh.
1070 2557 1125 2597 15
1156 2554 1313 2599 vitalis
1345 2557 1384 2599 b.
1515 2554 1635 2611 (vit.)
1667 2553 1870 2599 infantes

186 2613 291 2657 add.
326 2613 355 2657 Ζ.
511 2618 562 2656 17
597 2613 668 2656 est
703 2613 794 2669 (e.)
827 2613 875 2656 b:
908 2626 989 2657 om.
1017 2613 1080 2657 ΖῙι.
1226 2614 1406 2670 aliquas
1439 2615 1539 2670 (sie)
1572 2613 1766 2658 evadere
1799 2627 1871 2658 so·

185 2671 286 2716 lent
315 2686 358 2727 q.
393 2672 495 2716 blh.
631 2671 711 2727 qui
742 2672 816 2715 bl:
850 2685 938 2727 que
969 2672 1010 2718 h.
1136 2676 1188 2715 18
1222 2674 1473 2717 nascuntur
1504 2673 1552 2717 b:
1583 2671 1774 2729 pariunt
1804 2673 1869 2717 lh.

308 2735 361 2774 19
405 2729 547 2786 (deb.)
579 2729 750 2774 infanti
781 2731 886 2776 add.
922 2731 947 2774 Z.
1101 2735 1157 2774 20
1189 2745 1218 2775 a
1249 2732 1335 2775 bh:
1373 2746 1456 2777 om.
1491 2732 1518 2778 Ζ.
1672 2731 1869 2788 (ventre)

188 2789 285 2834 eius
325 2790 432 2835 add.
467 2790 532 2834 lh.
679 2794 735 2834 22
768 2788 1162 2847 superstitutionis
1195 2791 1294 2846 (sic)
1326 2792 1365 2835 b.
1519 2795 1574 2835 23
1607 2791 1766 2847 (cons.)
1800 2791 1871 2834 est

186 2849 292 2894 add.
326 2849 390 2895 lh.
514 2848 678 2905 pannis
710 2849 749 2893 b.
873 2853 928 2892 24
962 2849 1122 2905 (pree.)
1157 2863 1261 2893 eum
1294 2850 1400 2895 add.
1435 2851 1463 2894 Ζ.
