2014 3162
759 117 1159 171 —311—

33 251 35 254 ’
112 247 229 317 μετὰ
275 249 329 301 δὲ
374 247 464 316 τὴν
511 246 751 316 ἆπόληξιν
797 248 948 318 αὐτῆς
993 256 1093 313 τοῖς
1147 248 1493 317 ἆναληπτικοῖς
1546 251 1799 320 χρηστέον,

114 335 300 402 λουτρῷ
330 333 526 399 ποικίλῃ
556 336 714 401 τροφῇ
747 334 865 400 οἴνῳ
897 331 981 383 καὶ
1011 328 1167 401 αἰώρᾳ
1196 329 1479 399 περιπάτοις
1509 336 1799 401 γυμνασίοις

113 414 303 478 τρίψεσι
354 417 441 465 τοῦ
493 434 542 465 τε
588 410 706 466 ὅλου
753 410 972 481 σώματος
1017 413 1100 463 καὶ
1146 416 1242 464 τῶν
1287 413 1397 480 περὶ
1441 411 1532 480 τὴν
1578 411 1797 483 ὑστέραν.

111 492 214 549 ἐπεὶ
261 493 423 559 μέντοι
468 491 591 561 πρὸς
635 491 726 561 τὴν
769 491 976 560 τοπικὴν
1021 498 1106 561 τῆς
1153 490 1354 562 ὑστέρας
1400 500 1570 561 τρῖψιν
1618 498 1674 546 αἱ
1717 493 1798 546 διὰ

112 577 275 639 ψιλῶν
312 579 410 626 τῶν
447 580 622 643 χειρῶν
659 575 944 643 παραφοραὶ
983 577 1273 641 περίθλασιν
1312 575 1535 643 φέρουσι,
1573 572 1699 627 καθ’
1741 572 1801 628 ὃν
1826 594 1845 627 5

111 651 288 722 καιρὸν
335 658 404 718 εἰς
452 654 693 725 εὐμεγέθη
740 653 953 722 λεκάνην
1001 655 1245 723 ε’γκαθίζει
1282 652 1313 724 ἡ
1353 653 1611 722 κάμνουσα
1657 662 1802 709 λουο-

113 733 236 802 μένη
282 734 314 804 ἢ
363 739 647 805 καταβαίνει
686 739 753 799 εἰς
790 734 880 803 τὴν
919 738 1150 804 ἔμβασιν,
1204 734 1449 806 σπόγγους
1488 743 1682 798 πλατεῖς
1720 738 1803 788 καὶ

113 815 361 884 μαλακοὺς
397 824 463 890 τῷ
499 817 628 887 ἥτρῳ
667 818 970 884 περιτιθέναι
1007 819 1090 870 καὶ
1127 824 1227 881 τοῖς
1273 820 1468 886 ἰσχίοις,
1514 818 1597 869 καὶ
1646 814 1803 884 ἠρέμα

111 897 591 965 προσεντυπῶσασαν
621 905 725 959 ταῖς
756 898 884 965 χερσὶ
918 895 1156 966 παράγειν
1187 900 1300 967 τῇδε
1332 895 1540 963 κάκεῖσε,
1579 898 1660 950 καὶ
1691 896 1797 949 κατ’

115 975 281 1047 ὀλίγον
318 979 588 1047 παραύξειν
626 977 677 1032 τὸ
717 984 802 1046 τῆς
841 981 1051 1045 τρίψεως
1089 983 1297 1044 πλῆθος.
1385 979 1702 1045 δοκιμαστέον
1750 978 1803 1030 δὲ
1829 1000 1871 1030 10

38 1130 41 1133 ι
114 1059 197 1110 καὶ
234 1059 455 1126 κηρωτᾶς
487 1058 569 1112 διὰ
610 1061 925 1127 σαμψυχίνου
964 1055 995 1125 ἢ
1037 1062 1270 1111 σουσίνου
1301 1057 1335 1126 ἤ
1369 1080 1500 1120 τινος
1529 1064 1626 1110 τῶν
1658 1060 1802 1126 ἐμφε-

114 1145 216 1205 ρῶν
256 1138 316 1193 οὐ
356 1139 510 1207 μόνον
542 1142 854 1208 ε’ντιθεμένας
893 1137 1013 1191 ἀλλὰ
1051 1140 1135 1191 καὶ
1174 1140 1516 1207 διαχριομένας
1554 1137 1675 1192 κατὰ
1714 1145 1803 1192 τοῦ

110 1223 313 1287 στομίου
350 1222 434 1272 καὶ
470 1228 557 1275 τοῦ
594 1220 833 1290 τραχήλου
871 1227 957 1288 τῆς
995 1218 1219 1287 ὑστέρας,
1267 1217 1411 1273 ὁπότε
1452 1219 1513 1287 δὴ
1561 1222 1645 1272 καὶ
1691 1219 1804 1283 τοὺς

114 1303 557 1370 μαλακτικωτέρους
602 1301 814 1365 πεσσοὺς
858 1301 1226 1369 παραληπτέον,
1273 1302 1322 1363 ἐξ
1370 1295 1441 1353 ῶν
1488 1302 1616 1353 ἐστιν
1655 1298 1681 1354 5
1722 1299 1805 1353 διὰ
1836 1349 1839 1351 .

112 1388 271 1450 κηροῦ
315 1385 399 1435 καὶ
446 1386 644 1452 ῥητίνης
690 1387 1028 1452 τερεβινθίνης
1073 1383 1155 1434 καὶ
1199 1385 1427 1449 ταυρείου
1475 1380 1667 1445 στέατος
1722 1383 1805 1434 καὶ
1830 1401 1870 1434 15

113 1464 316 1532 γλυκέος
355 1465 520 1518 έλαίου
558 1462 591 1532 ἢ
632 1468 876 1531 κυπρίνου
914 1461 1150 1518 τοσούτου
1188 1461 1309 1515 κατὰ
1347 1461 1400 1516 τὸ
1447 1469 1641 1530 πλῆθος
1687 1461 1806 1516 ὥστε

114 1542 172 1598 τὰ
226 1543 373 1598 λοιπὰ
428 1547 673 1614 βληθέντα
728 1544 942 1616 γλοιῶδη
998 1544 1254 1614 γενέσθαι,
1308 1546 1390 1596 καὶ
1438 1541 1464 1596 5
1514 1542 1597 1596 διὰ
1644 1549 1805 1611 χυλῶν

118 1624 297 1689 πεσσὸς
343 1623 694 1693 σκευαζόμενος
739 1627 823 1678 καὶ
867 1631 964 1688 πᾶς
1011 1622 1038 1678 5
1085 1623 1168 1677 διὰ
1216 1631 1408 1692 μυελῶν
1461 1626 1543 1677 καὶ
1598 1623 1806 1677 στεᾶτων

116 1709 199 1760 καὶ
246 1705 532 1774 σπερμάτων
579 1705 828 1760 ἆνετικῶν.
918 1707 972 1759 έν
1020 1706 1073 1759 δὲ
1118 1704 1307 1769 τούτοις
1352 1707 1448 1758 ἐστὶ
1494 1707 1576 1758 καὶ
1622 1703 1674 1758 τὸ
1723 1704 1803 1757 διὰ

116 1788 382 1857 σαμψύχου
430 1787 691 1858 λεγόμενον
739 1787 944 1841 ἅκοπον.
1037 1786 1383 1857 μεγαλωφελὴς
1430 1788 1483 1840 δὲ
1529 1789 1611 1839 καὶ
1656 1784 1687 1854 ἡ
1737 1789 1804 1849 εἰς
1828 1807 1871 1838 20

112 1872 278 1922 ἔλαιον
316 1871 531 1937 ἕμβασις.

232 1957 312 2004 15.
352 1953 663 2018 χρονίσαντος
703 1951 756 2002 δὲ
793 1956 880 2004 τοῦ
918 1949 1118 2013 πάθους
1157 1948 1279 2002 κατὰ
1319 1950 1406 2017 μὲν
1446 1948 1532 2012 τὰς
1563 1950 1807 2011 ἐπιθέσεις

114 2030 205 2099 τὴν
236 2029 398 2098 αὐτὴν
435 2032 777 2098 παραληπτέον
816 2032 1112 2100 ἐπιμέλειαν,
1159 2033 1213 2083 έν
1253 2031 1307 2083 δὲ
1344 2037 1446 2092 τοῖς
1496 2033 1804 2097 διαλείμμασι

114 2118 312 2180 πρῶτον
364 2111 453 2178 μὲν
508 2108 599 2178 τὴν
651 2109 1013 2180 ἆναληπτικήν,
1074 2106 1134 2178 ἧς
1187 2110 1278 2179 τὴν
1338 2111 1463 2179 ὕλην
1526 2109 1805 2178 εἰρήκαμεν,

115 2193 626 2262 συμπαραληφθέντος
663 2191 795 2255 τινὸς
832 2196 900 2255 εἰς
937 2191 1027 2260 τὴν
1065 2190 1337 2260 ὑπηρεσίαν
1375 2193 1459 2244 καὶ
1497 2191 1596 2243 τῶν
1645 2192 1803 2258 έμπεί-
1829 2210 1871 2243 25

74 2307 83 2319 x
115 2296 218 2343 ρων
257 2271 522 2340 ἀλειπτῶν,
570 2273 803 2340 δευτέραν
843 2273 896 2325 δὲ
926 2272 1017 2341 τὴν
1056 2270 1499 2342 μετασυγκριτικήν.
1568 2272 1623 2323 ἐν
1659 2264 1689 2340 ’ἶ
1733 2273 1812 2323 δεῖ

236 2387 262 2426 3
294 2381 389 2425 τῶν
420 2397 468 2425 τε
503 2375 624 2425 ὅλων
658 2377 883 2438 σωμάτων
917 2394 940 2424 c
973 2383 1104 2438 (corr.
1125 2381 1196 2437 E).
1290 2385 1318 2423 4
1351 2375 1455 2424 ἐπεὶ
1485 2377 1547 2422 E²
1579 2378 1805 2436 (Gomp.):

120 2438 188 2485 ἔτι
221 2455 246 2486 ο
277 2441 346 2496 (εἴ
362 2457 407 2484 τι
431 2439 502 2497 E).
536 2439 594 2484 cf.
615 2437 691 2484 ἐπὶ
717 2453 740 2484 c
765 2453 850 2496 pro
876 2437 943 2485 ἔτι
968 2456 1011 2497 p·
1031 2445 1198 2495 304,19
1217 2440 1306 2484 etc.
1428 2443 1454 2482 6
1489 2435 1814 2494 έγκαθίζουσοῐ

118 2513 158 2544 c.
295 2504 319 2544 7
360 2494 388 2554 ἢ
424 2499 585 2543 addidi
624 2498 697 2555 (cf.
731 2499 846 2556 lah).
1001 2499 1308 2558 καταβαίνειν
1341 2511 1365 2542 c
1397 2498 1467 2554 (uf,
1498 2510 1635 2554 saepe
1667 2513 1694 2540 ν
1725 2500 1806 2542 aut

117 2557 308 2604 demens
339 2557 582 2603 infinitivis
614 2559 696 2603 aui:
727 2557 861 2614 quasi
891 2557 1134 2603 infinitivis
1167 2557 1373 2613 addens).
1511 2560 1537 2600 8
1569 2560 1666 2606 τοῖς
1698 2555 1804 2602 add.

119 2617 172 2662 Ε.
280 2622 306 2662 9
339 2615 792 2673 προσεντυπῶσαντα
826 2631 862 2661 e.
986 2618 1066 2661 καὶ
1098 2617 1202 2662 add.
1235 2617 1286 2661 E.
1412 2620 1464 2659 11
1499 2612 1749 2672 σαμψύχου
1782 2629 1806 2658 c

118 2687 252 2730 (corr.
283 2676 354 2731 E).
490 2680 542 2720 13
576 2672 717 2720 ὁπότε
752 2673 832 2732 ὃὴε
866 2690 966 2722 cum
997 2690 1100 2722 vero
1128 2677 1236 2733 plus
1259 2675 1506 2732 profecerit
1535 2674 1615 2719 lat.
1751 2678 1804 2717 17

119 2733 356 2792 βληθέντα
388 2748 412 2779 c
443 2733 472 2779 i.
499 2749 536 2779 e.
573 2731 871 2795 ἐμβληθέντα
902 2736 954 2780 Ε.
1091 2739 1145 2779 18
1178 2735 1361 2792 μυελῶν
1392 2735 1454 2778 D:
1487 2733 1674 2789 μκυσσῶν
1707 2745 1744 2776 c,

118 2798 176 2839 26
196 2793 272 2896 ἐξ.
307 2793 427 2896 oye}
450 2793 831 2896 v11111331:f³,(1;yncritici
862 2794 1201 2840 ordjnationem
1235 2793 1361 2851 apud.
1395 2792 1518 2838 Cael.
1552 2793 1645 2836 chr.
1680 2791 1722 2846 Ι,
1748 2795 1806 2835 24

122 2877 179 2884 ·-·
258 2889 265 2898 .
421 2868 462 2896 δι
545 2871 555 2897 2
621 2869 640 2897 8
676 2868 713 2897 C.
