2014 3162
790 150 1186 204 -150—

179 287 353 335 θολοςὲ
380 305 435 321 =
461 280 486 328 ὃ
513 280 599 337 ἔξω
623 280 768 332 θάλος
793 282 944 326 balnei

183 345 314 389 Alex.
353 343 493 388 Trall.
525 357 577 399 p.
610 345 704 388 '724
740 341 853 385 Bas.
886 341 942 395 cf.

180 406 270 448 735
324 398 348 446 ὃ
408 398 632 458 ἐξώτερος
685 397 812 450 οἶκος
865 398 947 442 καὶ

181 458 480 519 μαλακτικός)
522 461 653 518 quale
682 460 831 503 subest
862 458 945 502 So-

178 521 334 566 raneis
366 520 511 565 Caelii
542 533 614 564 ox.
649 521 701 572 3,
725 522 817 563 152
851 531 947 561 em-

177 579 314 624 basin
345 578 619 624 adhibemus
637 614 646 623 .
667 613 676 622 .
697 613 706 622 .
724 589 818 620 non
849 575 947 619 sine

179 639 408 684 cautione.
442 636 719 682 declinanda
737 637 808 679 est
821 634 946 678 enim

177 696 431 754 perfrictio.
466 696 750 752 quapropter
766 692 856 738 erit
878 692 945 736 fa-

181 756 346 801 cienda
368 756 419 799 in
442 754 595 799 calido
620 754 724 798 loco
750 753 826 797 vel
847 751 946 796 bal-

179 815 257 860 nei
297 813 474 858 fornice
520 826 659 869 quem
707 811 950 868 appellant

180 873 477 919 achicholum
515 873 615 930 (sic)
657 871 754 915 sive
795 883 947 915 came-

180 947 293 979 ram.

150 1006 238 1053 ad:
283 1005 426 1050 etiam
463 1003 772 1061 peritissimos
804 1001 950 1047 medi-

183 1079 259 1110 cos
307 1064 367 1108 ad.
407 1062 749 1120 inspiciendum
796 1063 844 1106 et
889 1061 950 1104 ad.

180 1124 435 1169 curandum
474 1124 591 1167 haec
629 1121 812 1165 fistulae
853 1122 948 1164 tur-

179 1183 292 1227 bare
322 1182 503 1239 possint
535 1182 592 1237 ΙΙ,
618 1186 673 1225 23
706 1184 819 1225 extr.

151 1256 233 1302 ad·
273 1261 326 1300 ut
362 1256 561 1311 reliquas
584 1253 949 1310 praepositiones

179 1318 437 1360 constanter
449 1315 500 1357 in
515 1313 832 1369 compositione
844 1325 948 1356 con-

179 1378 381 1420 servatas
409 1373 570 1418 scribit
602 1373 627 1416 b
660 1372 799 1416 codem
831 1371 948 1414 anti-

179 1433 424 1491 quissimus
464 1433 639 1487 (rarius
671 1432 709 1484 l,
741 1443 850 1474 raro
881 1430 950 1487 h).-

181 1492 446 1537 adcelerare
480 1491 531 1546 (l)
565 1491 630 1546 ΙΙ,
655 1494 725 1533 21.
767 1514 824 1521 —
870 1489 949 1532 ad-

181 1564 355 1608 ponere
398 1553 527 1606 (app-
559 1549 616 1602 ΙΙ,
652 1553 722 1592 10.
757 1553 824 1592 12.
861 1549 948 1603 30).

181 1610 440 1666 adpunctus
475 1609 563 1652 blh
596 1612 664 1652 76.
699 1606 949 1663 adplicare.

181 1667 542 1725 adprehendere.
591 1693 646 1698 —
694 1664 875 1710 adferre
919 1666 952 1720 (l

182 1732 238 1772 38
278 1727 359 1771 ubi
389 1725 552 1771 efferat
583 1727 644 1782 b).
705 1724 952 1768 adfirmare

183 1786 247 1840 ΙΙ,
276 1791 346 1841 17,
371 1789 413 1829 8.
463 1810 518 1817 -
570 1782 813 1840 adtingere
851 1783 951 1839 prs.

182 1844 433 1888 adtenuate
475 1845 526 1900 (l)
557 1844 622 1898 ΙΙ,
646 1847 717 1887 21.
766 1867 821 1875 -
871 1842 954 1886 ad-

183 1904 372 1949 mittere
406 1901 696 1959 (ammittant
725 1902 755 1945 h
787 1900 844 1955 11,
862 1902 953 1956 21).

183 1964 261 2008 sed
306 1959 524 2018 alligabis
572 1962 598 2005 b
644 1960 711 2014 ΙΙ,
752 1965 808 2004 23
857 1960 956 2016 (ubi

185 2021 284 2066 adl-
317 2022 345 2076 l,
378 2020 490 2063 coll·
513 2021 560 2074 h)
591 2024 633 2063 et
663 2024 769 2063 ante
798 2033 842 2063 s:
874 2018 954 2062 ad-

188 2093 401 2125 severare
433 2079 499 2134 ΙΙ,
531 2084 601 2123 23.
636 2083 706 2124 25.
741 2083 811 2122 31.
875 2077 953 2121 ad-

186 2151 397 2184 suescere
433 2143 538 2192 127,
577 2138 654 2182 sed
691 2150 953 2181 assuescere

187 2203 271 2243 102
305 2198 404 2253 (ubi
427 2197 529 2240 ads·
554 2197 637 2252 lh).
671 2195 954 2239 adsiduitate

187 2258 203 2302 l
226 2258 339 2313 (ass-
363 2257 409 2312 h)
434 2255 490 2311 II,
510 2260 576 2299 10.
612 2254 836 2300 adstricta
856 2259 953 2298 113.

185 2317 264 2418 {fd
295 2328 541 2371 aspargere
576 2319 643 2359 79.
678 2314 954 2358 ascendente

159 2433 450 2489 adpungere
475 2429 721 2488 (νύσσειν);
755 2430 954 2475 maxime

189 2506 294 2536 cum
326 2491 585 2547 adpunctus
615 2490 760 2534 fuerit
792 2495 860 2534 76.

163 2564 484 2611 adulescenti}
517 2566 590 2619 (=
614 2562 823 2618 νεωτέρα
855 2562 954 2607 Sor.

187 2627 293 2677 133,
317 2624 398 2679 12)
429 2626 486 2666 89
521 2624 618 2678 (ubi
649 2622 886 2666 alescenta
916 2622 957 2677 b,

190 2682 424 2727 alestenta
436 2683 464 2735 l,
481 2681 733 2725 allescenta
748 2681 807 2737 h).
842 2693 954 2724 corr.

192 2741 571 2786 adulescentula?

161 2813 419 2859 adunatim
451 2814 514 2870 (h)
548 2818 573 2857 5
607 2814 678 2869 (9).

163 2873 310 2919 albor
341 2873 417 2918 ovi
448 2872 505 2928 II,
533 2876 600 2915 10.

1035 277 1300 334 aliquabus
1332 278 1384 322 bl
1415 282 1469 321 21
1497 278 1619 335 (bis).
1652 282 1707 321 39
1735 277 1834 333 <ubi

1066 336 1298 393 aliquibus
1328 337 1388 393 h).

1037 395 1378 451 aliquantumz
1441 395 1491 438 in
1544 394 1835 450 aliquantum

1066 455 1253 511 (ποσῶς)
1294 454 1552 510 saepissime
1582 455 1699 509 (108.
1736 456 1832 496 115.

1066 514 1124 569 ΙΙ,
1157 518 1228 557 22.
1261 517 1316 557 30
1348 517 1414 557 ter
1445 514 1556 567 etc).

1038 573 1198 618 alius:
1253 571 1373 616 aliae
1421 569 1608 615 mulieri
1653 574 1723 614 66.
1765 573 1834 614 67.

1037 691 1203 737 alter=

1067 763 1206 794 causa
1239 748 1295 802 11,
1324 753 1392 792 16.

1040 807 1258 855 altitudo
1276 804 1489 866 (βάθος);
1514 804 1575 849 ad.
1589 802 1836 861 inspicien-

1070 868 1179 912 dam
1203 866 1503 911 altitudinem
1526 863 1734 907 mulieris
1749 863 1838 919 (or-

1070 928 1263 984 ganum)
1286 925 1344 978 ΙΙ,
1358 929 1415 969 34
1446 927 1515 978 (ut
1545 923 1595 966 in
1618 922 1716 966 alto
1740 935 1837 965 ma-

1069 985 1232 1042 tricis).
1297 984 1354 1038 cf.
1399 983 1551 1027 altum
1582 982 1724 1038 caput
1753 981 1839 1024 ha-

1068 1044 1183 1088 bent
1213 1044 1270 1098 11,
1301 1048 1370 1097 18,
1399 1047 1467 1086 11.

1040 1115 1135 1149 ana
1166 1098 1298 1159 (οἶνοί)
1330 1103 1384 1145 i‘n
1413 1101 1839 1145 medicamentorum

1068 1162 1313 1218 scripturis
1328 1160 1538 1214 inferant
1562 1158 1749 1202 librarii
1769 1170 1837 1201 re-

1070 1222 1301 1275 centiores,
1333 1223 1385 1263 ut
1414 1219 1444 1262 h
1475 1217 1539 1273 II,
1566 1222 1621 1260 21
1654 1215 1836 1266 Resine.

1069 1277 1393 1338 Terebentine.
1439 1282 1512 1320 afi.
1546 1278 1605 1333 ἦ
1636 1275 1657 1318 Ι
1689 1275 1841 1331 (quasi

1070 1340 1355 1384 diversarum
1384 1337 1687 1393 specieruml).

1041 1397 1320 1443 ancistrum
1361 1397 1507 1452 (instr.
1540 1395 1650 1439 chir.
1678 1414 1732 1430 =
1757 1393 1840 1436 ha-

1070 1471 1172 1500 mus
1208 1455 1316 1500 Cels.
1351 1458 1397 1507 ’7,
1425 1456 1532 1510 28):
1579 1451 1730 1496 infixis
1762 1465 1840 1495 an-

1072 1515 1225 1560 cistris
1257 1515 1314 1570 II,
1341 1519 1411 1558 33.
1467 1511 1606 1556 infixo
1638 1509 1839 1556 ancistro

1071 1576 1130 1619 ib.

1043 1633 1283 1688 angulus:
1327 1645 1444 1677 nom.
1473 1631 1537 1687 pl.
1581 1629 1756 1687 angula
1789 1629 1842 1673 bl

1045 1751 1253 1806 anquila
1299 1749 1510 1807 (anguila
1554 1748 1604 1801 h,
1659 1743 1841 1803 ἀγκύλη

1076 1831 1132 1847 =
1179 1808 1368 1866 poples)
1392 1826 1402 1852 z
1480 1819 1684 1851 concava
1737 1806 1841 1850 loca

1076 1869 1218 1914 sicuti
1250 1868 1357 1912 sunt
1387 1866 1586 1912 ascellae
1612 1867 1659 1909 et
1683 1864 1844 1920 anqui-

1267 689 1398 733 nulla
1458 687 1607 733 altera
1670 688 1836 744 (autre)

1074 1929 1150 1972 lae
1176 1926 1430 1984 (anquillae
1455 1927 1528 1982 bl,
1561 1923 1772 1980 anguiles
1795 1925 1842 1980 h.)
1904 1948 1907 1951 >

1078 1992 1175 2032 102.
1231 1986 1412 2042 reliqua
1441 1983 1615 2029 fasciae
1647 1983 1732 2026 sub
1764 1996 1843 2026 an-

1076 2046 1227 2103 quilas
1275 2046 1359 2102 (vel
1399 2044 1498 2088 -lis:
1548 2042 1758 2098 anquiles
1802 2042 1843 2096 b,

1075 2107 1139 2149 -le
1158 2106 1186 2160 l,
1220 2103 1434 2160 anguilas
1451 2104 1496 2160 h)
1528 2101 1673 2145 missa
1696 2099 1753 2155 ΙΙ,
1771 2106 1842 2144 34,

1045 2163 1323 2219 antiquitas
1376 2162 1623 2206 adseverat
1674 2159 1738 2213 ΙΙ,
1772 2164 1843 2203 31.

1074 2223 1291 2268 fabulosa
1315 2221 1574 2276 antiquitas
1599 2219 1762 2264 scribit
1784 2217 1841 2273 Π,

1076 2287 1115 2326 3.
1181 2281 1475 2337 antiqui(tas)
1514 2279 1756 2336 ponebant
1785 2278 1844 2331 ΙΙ,

1075 2346 1101 2385 2
1136 2341 1211 2397 (cf.
1236 2341 1294 2396 ΙΙ,
1312 2342 1371 2396 9).
1404 2340 1471 2383 sic
1501 2337 1731 2396 graecitas
1764 2350 1842 2381 vo-

1078 2403 1154 2444 cat
1179 2401 1253 2455 (=
1278 2397 1451 2455 graeci)
1482 2398 1541 2451 II,
1559 2401 1616 2441 34
1639 2398 1844 2451 (iterum-

1075 2473 1159 2514 que
1197 2458 1307 2503 ibid.
1347 2458 1470 2502 solus
1499 2458 1544 2512 h)
1577 2460 1618 2500 et
1647 2456 1752 2511 fort.
1786 2454 1843 2511 II,

1047 2575 1233 2631 aquata
1263 2587 1406 2631 pusca
1437 2574 1493 2628 ΙΙ,
1519 2578 1589 2619 22.
1626 2571 1843 2628 aquatius

1077 2635 1340 2690 temperato
1364 2632 1472 2677 vino
1500 2637 1569 2678 69.
1603 2632 1676 2675 lac
1701 2645 1843 2687 aqua-

1075 2695 1178 2737 tum
1210 2697 1264 2736 99
1297 2696 1375 2735 etc.
1568 2713 1577 2718 -

1047 2750 1374 2796 artofaciumz
1418 2764 1445 2793 a
1476 2749 1587 2794 foris
1619 2763 1676 2793 ex
1705 2747 1842 2805 polli-

1075 2811 1212 2854 nibus
1245 2810 1343 2854 ervi
1375 2808 1664 2865 cataplasma
1695 2809 1743 2851 et
1773 2820 1844 2850 ar-

1076 2867 1305 2914 tofacium
1335 2869 1425 2925 (bl,
1469 2865 1643 2912 -ficium
1675 2867 1721 2923 h)
1775 2866 1843 2910 in-
