2014 3162
770 203 1163 254 —417-

343 332 496 405 μένων
557 333 636 377 καὶ
695 328 774 378 διὰ
833 333 969 376 τοῦτο
1018 327 1077 388 μὴ
1126 325 1492 386 καθαιρομένων

337 391 556 450 συνήθως
584 424 1482 438 ................
1524 388 1577 433 Α.
1611 387 1731 443 XVI,
1758 392 1813 432 60

130 472 190 511 ργ
287 454 525 507 Θεραπεία
574 453 665 522 τῷν
711 452 918 496 διαιτίαν
964 446 1070 493 τινὰ
1114 449 1204 491 τῶν
1252 447 1355 502 περὶ
1403 444 1487 503 τὴν

335 508 536 566 ὑστέραν
568 508 629 568 μὴ
664 507 1031 582 καθαιρομένων
1048 541 1474 553 ........
1636 540 1661 562 ,,
1759 512 1810 550 61

129 575 190 625 ρδ
283 571 400 627 Περὶ
431 567 859 640 ὖπερκαθοὶρσεως
864 567 945 612 καὶ
977 564 1297 624 αἷμορραῖας.
1348 603 1357 611 .
1407 602 1416 611 .
1467 602 1475 610 .
1758 570 1818 609 63

128 647 188 684 ρε
283 629 401 686 Περὶ
434 625 807 685 αἷμορραγούσης
837 623 1034 681 ὑστέρας
1053 661 1477 671 ........
1520 624 1616 670 Sor.
1638 601 1711 679 II,
1739 629 1793 668 10

131 732 194 775 ρς
287 717 406 774 Περὶ
438 715 523 774 ροῦ
558 717 829 772 γυναικείου
871 749 1475 760 ...........
1501 686 1587 797 {A
1615 718 1720 786 X’VI
1725 689 1817 797 1ἐὲ

129 839 189 890 ρζ
279 832 384 879 Ῥοῦ
420 831 626 890 ἐρυθροῦ
659 837 900 891 θεραπεῑα
936 867 1478 878 ..........
1505 804 1520 910 ἶ
1538 860 1632 906 Sor
1642 836 1714 913 ”H
1736 807 1816 903 ,ἐξ

136 942 198 981 ρη
286 920 389 967 Ῥοῦ
424 924 593 966 λευκοῦ
626 925 863 978 θεραπεία
883 955 1486 966 ...........
1528 921 1579 962 A.
1613 896 1733 975 XVI,
1760 925 1815 964 66

141 1015 212 1066 ρθ
297 1011 415 1067 Περὶ
447 1007 690 1065 υστερικῆς
722 1007 886 1065 πνιγός
950 1010 1141 1066 [citatur
1174 978 1734 1093 Soranus].{{⁰rX517¹I
1749 983 1815 1082 ἶ,

134 1116 185 1156 ρι
290 1098 496 1154 Συλογαὶ
539 1093 724 1142 πεσσῶν
767 1098 1026 1141 σκευασίαι.
1087 1092 1203 1152 πρὸς
1244 1092 1488 1152 ὑστερικας

344 1159 512 1214 πνίγας
545 1154 596 1201 ἐκ
630 1154 873 1227 διαφόρων
937 1191 1480 1201 ..........

134 1234 226 1272 ρια
294 1218 556 1260 Σκευασίαι
581 1212 893 1288 ἀλειμμάτων
932 1213 1047 1270 πρὸς
1084 1212 1136 1258 τὸ
1155 1216 1488 1283 προκείμενον
1761 1249 1816 1288 68

339 1272 509 1325 παθος.
572 1271 720 1330 ἤγουν
753 1271 997 1329 ὑστερικῆς
1028 1269 1193 1342 πνιγός
1233 1309 1479 1318 .....
1642 1278 1668 1299 ”
1830 1275 1833 1277 ’

133 1351 221 1391 ριγ
256 1333 358 1390 (sio)
414 1330 541 1387 Πρὸς
572 1334 664 1377 τῶν
695 1330 961 1390 πινομένων
995 1329 1258 1389 φαρμάκων
1290 1329 1405 1388 πρὸς
1435 1330 1487 1375 τὸ

341 1394 652 1449 προκείμενον
684 1389 841 1443 παθος
875 1427 1479 1437 ...........

134 1454 223 1506 ριδ
285 1453 404 1507 Περὶ
435 1452 710 1522 γονορροίοις
744 1451 859 1521 [exc.
893 1452 994 1496 Aet.
1028 1450 1146 1506 XVI,
1170 1455 1225 1494 69
1258 1451 1511 1508 Σωρανοῦ]
1546 1449 1643 1495 Sor.
1676 1451 1733 1506 II,
1763 1456 1815 1495 12

120 1525 214 1567 ’ριε
288 1510 405 1563 Περὶ
446 1505 705 1566 ἄτονούσης
743 1507 919 1567 μήτρας
981 1510 1098 1568 [exo.
1132 1511 1234 1553 Aet..
1267 1508 1398 1564 XVI,
1434 1513 1487 1554 70

343 1570 594 1625 Σωρανοῦ]
641 1603 1480 1615 ...............
1642 1604 1667 1625 ,,
1763 1574 1816 1613 13

134 1641 223 1686 ρις
286 1629 406 1683 Περὶ
436 1625 739 1699 παραλύσεως
771 1625 947 1685 μήτρας
994 1629 1112 1686 [exc.
1144 1628 1246 1671 Aet.
1279 1627 1400 1682 XVI,
1435 1632 1487 1671 71

342 1687 424 1731 τοῦ
459 1683 628 1745 αὐτοῦ]
642 1722 1481 1733 ...............
1644 1721 1669 1743 ,,
1764 1692 1818 1730 14

135 1748 222 1802 ριζ
285 1746 402 1802 Περὶ
431 1747 775 1816 παρεγκλίσεως
814 1746 895 1790 καὶ
927 1742 1230 1803 αποστροφῆς
1261 1746 1341 1789 καὶ
1373 1762 1488 1790 ανα-
1507 1748 1523 1859 ἶ
1642 1780 1667 1801 ,,
1762 1750 1816 1789 15

342 1805 517 1861 δρομῆς
549 1801 725 1862 μήτρας
758 1841 1481 1851 .............
1538 1806 1593 1850 A.
1619 1782 1739 1862 XVI,
1762 1811 1833 1850 73.

135 1909 224 1950 ριη
280 1891 399 1949 Περὶ
432 1889 860 1950 ἐμπνευματώσεως
891 1890 1066 1951 μήτρας
1113 1929 1480 1939 .......
1536 1841 1739 1976 {OY'XXIJIlg
1762 1869 1819 1967 ‘734

132 1984 231 2035 ριθ
279 1981 397 2036 Περὶ
430 1978 683 2053 ἧὸοίματος
713 1976 912 2050 υστέρας
946 1982 1061 2040 [exc.
1094 1981 1197 2026 Aet..
1225 1982 1346 2039 XVI,
1374 1983 1480 2041 77].
1539 1982 1638 2029 Sor.
1670 1982 1735 2038 ΙΙ,
1764 1988 1787 2027 7

133 2057 195 2096 ρκ
280 2040 400 2096 Περὶ
430 2036 736 2095 ὑδρωπιώσης
767 2037 943 2114 μήτρας
990 2077 1477 2088 .........
1534 2044 1588 2086 A.
1613 2041 1743 2099 XVI,
1763 2046 1817 2086 75

132 2115 238 2155 ρκα
287 2098 406 2168 Περὶ
452 2097 598 2170 μύλης
643 2097 834 2149 πάθους
882 2097 933 2143 ἐν
980 2097 1145 2156 μήτρα.
1207 2097 1302 2144 ὑπό
1351 2117 1491 2144 τινων

339 2152 506 2214 ὕδερος
539 2153 887 2227 ὀνομαζόμενος
919 2159 1034 2214 [exc.
1070 2161 1172 2202 Aet.
1206 2159 1328 2214 XVI,
1354 2159 1482 2217 76]
1542 2160 1638 2204 Sor.
1671 2159 1735 2218 ΙΙ,
1762 2164 1791 2203 9

132 2217 235 2274 ρκβ
283 2214 400 2286 Περὶ
454 2229 770 2343 σῖτηριασεως
827 2216 944 2274 [exc.
991 2216 1094 2261 Aet..
1142 2217 1270 2272 XVI,
1306 2223 1360 2262 78
1407 2218 1491 2261 τοῦ

340 2290 488 2317 αυτου
523 2310 1482 2321 .................
1763 2284 1788 2322 3

133 2349 233 2387 ρκγ
281 2333 399 2388 Περὶ
433 2333 697 2403 φλεγμονῆς
727 2328 925 2388 υστέρας
937 2370 1480 2380 ..........
1539 2335 1636 2380 Sor.
1670 2337 1733 2392 ΙΙ,
1759 2343 1784 2381 2

133 2393 234 2445 ρκὸ
286 2393 404 2434 Τίνα
438 2397 605 2449 σημεῖα
639 2406 782 2461 ουσης
815 2390 1167 2449 φλεγμονούσής
1197 2391 1372 2449 μήτρας
1412 2430 1420 2438 .
1471 2340 1591 2505 {.A.
1611 2394 1733 2452 XVI,
1746 2401 1821 2441 79

132 2466 225 2503 ρκε
287 2451 404 2493 Τίνα
437 2455 605 2524 σημεῖα
639 2447 905 2500 επιτάσεως.
947 2451 1027 2494 καὶ
1058 2451 1192 2496 πεσοὶ
1223 2453 1390 2495 πολλοί
1411 2489 1420 2497 .
1472 2489 1480 2498 .
1641 2458 1754 2498 80-—
1760 2459 1817 2499 83

135 2522 235 2564 ρκς
284 2509 404 2565 Περὶ
430 2511 618 2562 σκίρρου
642 2508 722 2552 καὶ
747 2508 1076 2566 σκληρομάτων
1103 2507 1154 2554 ἐν
1178 2507 1347 2566 υστέρα
1374 2511 1488 2570 [exc.

339 2566 440 2612 Aet.
475 2568 595 2622 XVI,
621 2572 679 2612 84
709 2569 959 2626 Σωρανοῦ]
1001 2605 1484 2616 .........
1513 2570 1608 2616 Sor
1621 2572 1676 2628 ΙΙ,
1688 2573 1814 2618 sdes.

693 2628 919 2698 (desunt
950 2628 1194 2684 reliqua)

135 2685 233 2738 ρκζ
273 2680 401 2739 ’Ἀλλη
435 2687 679 2754 σημείωσις
709 2686 801 2729 τῶν
836 2682 994 2731 αυτῶν
1027 2688 1106 2731 καὶ
1131 2689 1267 2732 πεσοὶ
1291 2689 1458 2733 πολλοί
1482 2688 1536 2733 Α.
1548 2690 1668 2746 XVI,
1684 2695 1815 2747 84sq.

133 2758 234 2798 ρκη
282 2743 399 2798 Περὶ
432 2740 689 2795 ὃιατασεως
719 2741 914 2816 ὑστέρας
939 2782 1481 2793 ..........
1538 2747 1635 2793 Sor
1668 2749 1731 2806 ΙΙ,
1757 2754 1784 2794 5

134 2803 243 2856 ρκθ
287 2801 392 2844 Τῶν
427 2800 477 2846 ἐν
509 2805 770 2856 γυναικιόις
801 2803 988 2862 μέρεσιν
1020 2821 1362 2863 αποστηματων
1410 2843 1420 2852 .
1469 2844 1479 2853 ,
1757 2814 1812 2853 21

134 2919 190 2973 ρλ
282 2918 401 2974 Περὶ
434 2921 735 2977 διοπτρισμοῦ
755 2957 1475 2971 .............
1534 2866 1731 2982 (8135911,
1739 2870 1813 2971 8332:

226 2999 401 3042 Soranus,
427 3001 484 3033 ed.
508 3002 619 3034 Rose.
1492 3004 1546 3043 27
