<?xml version="1.0" encoding="UTF-8"?>
<!DOCTYPE html PUBLIC "-//W3C//DTD XHTML 1.0 Transitional//EN"
    "http://www.w3.org/TR/xhtml1/DTD/xhtml1-transitional.dtd">
<html xmlns="http://www.w3.org/1999/xhtml" xml:lang="en" lang="en">
 <head>
  <title>
</title>
<meta http-equiv="Content-Type" content="text/html;charset=utf-8" />
  <meta name='ocr-system' content='tesseract 3.04.00' />
  <meta name='ocr-capabilities' content='ocr_page ocr_carea ocr_par ocr_line ocrx_word'/>
</head>
<body>
  <div class='ocr_page' id='page_1' title='image "./gynaeciorumvetus00sorauoft_0305.png"; bbox 0 0 2014 3162; ppageno 0'>
   <div class='ocr_carea' id='block_1_1' title="bbox 752 142 1153 194">
    <p class='ocr_par' dir='ltr' id='par_1_1' title="bbox 752 142 1153 194">
     <span class='ocr_line' id='line_1_1' title="bbox 752 142 1153 194; baseline -0.002 0"><span class='ocrx_word' id='word_1_1' title='bbox 752 142 1153 194; x_wconf 83' lang='lat'>—281—</span> 
     </span>
    </p>
   </div>
   <div class='ocr_carea' id='block_1_2' title="bbox 111 273 1802 589">
    <p class='ocr_par' dir='ltr' id='par_1_2' title="bbox 111 273 1802 589">
     <span class='ocr_line' id='line_1_2' title="bbox 113 273 1801 343; baseline -0.001 -13"><span class='ocrx_word' id='word_1_2' title='bbox 113 298 215 331; x_wconf 90' lang='grc' dir='ltr'><em>τοτε</em></span> <span class='ocrx_word' id='word_1_3' title='bbox 268 276 323 329; x_wconf 81' lang='grc' dir='ltr'><em>δὲ</em></span> <span class='ocrx_word' id='word_1_4' title='bbox 373 275 575 329; x_wconf 77' lang='grc' dir='ltr'><em>ἄνωθέν</em></span> <span class='ocrx_word' id='word_1_5' title='bbox 628 298 671 327; x_wconf 91' lang='grc' dir='ltr'><em>τι</em></span> <span class='ocrx_word' id='word_1_6' title='bbox 723 275 1089 343; x_wconf 78' lang='grc' dir='ltr'><em>περιβαλλέσθω</em></span> <span class='ocrx_word' id='word_1_7' title='bbox 1137 275 1317 343; x_wconf 81' lang='grc' dir='ltr'><strong><em>σκέπης</em></strong></span> <span class='ocrx_word' id='word_1_8' title='bbox 1364 276 1550 342; x_wconf 77' lang='grc' dir='ltr'><em>ἕνεκεν,</em></span> <span class='ocrx_word' id='word_1_9' title='bbox 1604 273 1637 343; x_wconf 78' lang='grc' dir='ltr'>ἢ</span> <span class='ocrx_word' id='word_1_10' title='bbox 1686 274 1801 338; x_wconf 84' lang='grc' dir='ltr'><em>τοὺς</em></span> 
     </span>
     <span class='ocr_line' id='line_1_3' title="bbox 114 354 1800 426; baseline -0.002 -15"><span class='ocrx_word' id='word_1_11' title='bbox 114 355 408 426; x_wconf 77' lang='grc' dir='ltr'><em>ὄφθαλμοῦς</em></span> <span class='ocrx_word' id='word_1_12' title='bbox 454 355 608 409; x_wconf 80' lang='grc' dir='ltr'><em>αὐτοῦ</em></span> <span class='ocrx_word' id='word_1_13' title='bbox 661 357 1018 409; x_wconf 82' lang='grc' dir='ltr'><em>ἕπικαλυπτέτω</em></span> <span class='ocrx_word' id='word_1_14' title='bbox 1074 354 1158 408; x_wconf 88' lang='grc' dir='ltr'><em>διά</em></span> <span class='ocrx_word' id='word_1_15' title='bbox 1209 378 1367 423; x_wconf 90' lang='grc' dir='ltr'><em>τινος,</em></span> <span class='ocrx_word' id='word_1_16' title='bbox 1422 355 1481 410; x_wconf 81' lang='grc' dir='ltr'><em>οὗ</em></span> <span class='ocrx_word' id='word_1_17' title='bbox 1537 356 1690 424; x_wconf 90' lang='grc' dir='ltr'><em>μόνον</em></span> <span class='ocrx_word' id='word_1_18' title='bbox 1743 362 1800 426; x_wconf 81' lang='grc' dir='ltr'><em>τῇ</em></span> 
     </span>
     <span class='ocr_line' id='line_1_4' title="bbox 111 435 1802 510; baseline -0.002 -18"><span class='ocrx_word' id='word_1_19' title='bbox 111 442 349 510; x_wconf 77' lang='grc' dir='ltr'><em>τρυφερία</em></span> <span class='ocrx_word' id='word_1_20' title='bbox 385 436 509 506; x_wconf 90' lang='grc' dir='ltr'><em>πρὸς</em></span> <span class='ocrx_word' id='word_1_21' title='bbox 546 442 648 490; x_wconf 79' lang='grc' dir='ltr'><em>πᾶν</em></span> <span class='ocrx_word' id='word_1_22' title='bbox 686 435 739 490; x_wconf 85' lang='grc' dir='ltr'><em>τὸ</em></span> <span class='ocrx_word' id='word_1_23' title='bbox 778 443 1104 506; x_wconf 79' lang='grc' dir='ltr'><strong><em>παρεμπεσεῖν</em></strong></span> <span class='ocrx_word' id='word_1_24' title='bbox 1151 436 1432 506; x_wconf 78' lang='grc' dir='ltr'><em>δυνάμενον</em></span> <span class='ocrx_word' id='word_1_25' title='bbox 1479 436 1802 504; x_wconf 79' lang='grc' dir='ltr'><em>εὖαδικήτους</em></span> 
     </span>
     <span class='ocr_line' id='line_1_5' title="bbox 112 516 1801 589; baseline -0.002 -16"><span class='ocrx_word' id='word_1_26' title='bbox 112 518 444 589; x_wconf 76' lang='grc' dir='ltr'><em>ὑπάρχοντας,</em></span> <span class='ocrx_word' id='word_1_27' title='bbox 499 516 621 571; x_wconf 77' lang='grc' dir='ltr'><em>ἀλλὰ</em></span> <span class='ocrx_word' id='word_1_28' title='bbox 670 519 752 571; x_wconf 85' lang='grc' dir='ltr'><em>καὶ</em></span> <span class='ocrx_word' id='word_1_29' title='bbox 805 516 903 572; x_wconf 75' lang='grc' dir='ltr'><em>ὑπὸ</em></span> <span class='ocrx_word' id='word_1_30' title='bbox 957 524 1043 572; x_wconf 92' lang='grc' dir='ltr'><em>τοῦ</em></span> <span class='ocrx_word' id='word_1_31' title='bbox 1096 522 1322 582; x_wconf 89' lang='grc' dir='ltr'><em>πλείονος</em></span> <span class='ocrx_word' id='word_1_32' title='bbox 1376 517 1539 585; x_wconf 90' lang='grc' dir='ltr'><em>φωτὸς</em></span> <span class='ocrx_word' id='word_1_33' title='bbox 1588 520 1671 570; x_wconf 84' lang='grc' dir='ltr'><em>καὶ</em></span> <span class='ocrx_word' id='word_1_34' title='bbox 1716 524 1801 586; x_wconf 85' lang='grc' dir='ltr'><em>τῆς</em></span> 
     </span>
    </p>
   </div>
   <div class='ocr_carea' id='block_1_3' title="bbox 111 598 1845 669">
    <p class='ocr_par' dir='ltr' id='par_1_3' title="bbox 111 598 1845 669">
     <span class='ocr_line' id='line_1_6' title="bbox 111 598 1845 669; baseline -0.001 -15"><span class='ocrx_word' id='word_1_35' title='bbox 111 600 455 668; x_wconf 81' lang='grc' dir='ltr'><em>ἆναιδεστέρας</em></span> <span class='ocrx_word' id='word_1_36' title='bbox 498 598 654 669; x_wconf 78' lang='grc' dir='ltr'><em>αὐγῆς</em></span> <span class='ocrx_word' id='word_1_37' title='bbox 692 598 931 662; x_wconf 81' lang='grc' dir='ltr'><em>εἰωθότας</em></span> <span class='ocrx_word' id='word_1_38' title='bbox 968 598 1419 668; x_wconf 82' lang='grc' dir='ltr'><em>άποστραβοῦσθαι.</em></span> <span class='ocrx_word' id='word_1_39' title='bbox 1498 599 1563 668; x_wconf 83' lang='grc' dir='ltr'><em>μὴ</em></span> <span class='ocrx_word' id='word_1_40' title='bbox 1605 617 1801 668; x_wconf 77' lang='grc' dir='ltr'><em>συγκοι·</em></span> <span class='ocrx_word' id='word_1_41' title='bbox 1824 620 1845 653; x_wconf 88' lang='lat'>5</span> 
     </span>
    </p>
   </div>
   <div class='ocr_carea' id='block_1_4' title="bbox 110 678 1804 914">
    <p class='ocr_par' dir='ltr' id='par_1_4' title="bbox 110 678 1804 914">
     <span class='ocr_line' id='line_1_7' title="bbox 112 678 1799 751; baseline -0.002 -16"><span class='ocrx_word' id='word_1_42' title='bbox 112 679 291 750; x_wconf 83' lang='grc' dir='ltr'><em>μάσθω</em></span> <span class='ocrx_word' id='word_1_43' title='bbox 340 682 394 734; x_wconf 81' lang='grc' dir='ltr'><em>δὲ</em></span> <span class='ocrx_word' id='word_1_44' title='bbox 438 679 492 734; x_wconf 85' lang='grc' dir='ltr'><em>τὸ</em></span> <span class='ocrx_word' id='word_1_45' title='bbox 531 682 716 749; x_wconf 78' lang='grc' dir='ltr'><em>βρέφος</em></span> <span class='ocrx_word' id='word_1_46' title='bbox 755 679 895 751; x_wconf 75' lang='grc' dir='ltr'><em>αὐτῇ,</em></span> <span class='ocrx_word' id='word_1_47' title='bbox 932 682 1015 733; x_wconf 82' lang='grc' dir='ltr'><em>καὶ</em></span> <span class='ocrx_word' id='word_1_48' title='bbox 1054 680 1255 749; x_wconf 89' lang='grc' dir='ltr'><em>μάλιστα</em></span> <span class='ocrx_word' id='word_1_49' title='bbox 1293 683 1347 734; x_wconf 78' lang='grc' dir='ltr'><em>ἐν</em></span> <span class='ocrx_word' id='word_1_50' title='bbox 1386 680 1574 750; x_wconf 76' lang='grc' dir='ltr'><em>ἀρχαῖς,</em></span> <span class='ocrx_word' id='word_1_51' title='bbox 1613 683 1696 733; x_wconf 82' lang='grc' dir='ltr'><em>ἴνα</em></span> <span class='ocrx_word' id='word_1_52' title='bbox 1734 678 1799 747; x_wconf 83' lang='grc' dir='ltr'><em>μὴ</em></span> 
     </span>
     <span class='ocr_line' id='line_1_8' title="bbox 110 761 1804 831; baseline -0.002 -15"><span class='ocrx_word' id='word_1_53' title='bbox 110 762 402 831; x_wconf 82' lang='grc' dir='ltr'><em>ἆπροόπτως</em></span> <span class='ocrx_word' id='word_1_54' title='bbox 455 763 820 815; x_wconf 82' lang='grc' dir='ltr'><em>ἕπικυλισθεῖσα</em></span> <span class='ocrx_word' id='word_1_55' title='bbox 871 761 1207 831; x_wconf 77' lang='grc' dir='ltr'><em>περνθλάσεως</em></span> <span class='ocrx_word' id='word_1_56' title='bbox 1258 761 1291 831; x_wconf 80' lang='grc' dir='ltr'>ἢ</span> <span class='ocrx_word' id='word_1_57' title='bbox 1338 767 1552 831; x_wconf 81' lang='grc' dir='ltr'><em>πνιγμοῦ</em></span> <span class='ocrx_word' id='word_1_58' title='bbox 1605 762 1804 831; x_wconf 86' lang='grc' dir='ltr'><em>γένηται</em></span> 
     </span>
     <span class='ocr_line' id='line_1_9' title="bbox 111 842 1803 914; baseline -0.002 -16"><span class='ocrx_word' id='word_1_59' title='bbox 111 848 376 914; x_wconf 80' lang='grc' dir='ltr'><em>παραίτιος.</em></span> <span class='ocrx_word' id='word_1_60' title='bbox 454 843 531 897; x_wconf 90' lang='grc' dir='ltr'><em>διὸ</em></span> <span class='ocrx_word' id='word_1_61' title='bbox 575 845 660 896; x_wconf 85' lang='grc' dir='ltr'><em>καὶ</em></span> <span class='ocrx_word' id='word_1_62' title='bbox 704 846 1116 911; x_wconf 80' lang='grc' dir='ltr'><em>παρακείσθωσάν</em></span> <span class='ocrx_word' id='word_1_63' title='bbox 1162 846 1218 896; x_wconf 79' lang='grc' dir='ltr'><em>αἱ</em></span> <span class='ocrx_word' id='word_1_64' title='bbox 1258 842 1503 912; x_wconf 89' lang='grc' dir='ltr'><em>βαυκάλαι</em></span> <span class='ocrx_word' id='word_1_65' title='bbox 1547 848 1605 913; x_wconf 78' lang='grc' dir='ltr'><em>τῇ</em></span> <span class='ocrx_word' id='word_1_66' title='bbox 1642 846 1803 912; x_wconf 80' lang='grc' dir='ltr'><em>κλίνῃ,</em></span> 
     </span>
    </p>
   </div>
   <div class='ocr_carea' id='block_1_5' title="bbox 32 922 1802 995">
    <p class='ocr_par' dir='ltr' id='par_1_5' title="bbox 32 922 1802 995">
     <span class='ocr_line' id='line_1_10' title="bbox 32 922 1802 995; baseline -0.003 -16"><span class='ocrx_word' id='word_1_67' title='bbox 32 985 35 989; x_wconf 52' lang='grc'><em>,</em></span> <span class='ocrx_word' id='word_1_68' title='bbox 111 924 208 979; x_wconf 70' lang='grc' dir='ltr'><em>κάν</em></span> <span class='ocrx_word' id='word_1_69' title='bbox 246 926 398 979; x_wconf 75' lang='grc' dir='ltr'><em>ἐνίοτέ</em></span> <span class='ocrx_word' id='word_1_70' title='bbox 434 947 480 977; x_wconf 91' lang='grc' dir='ltr'><em>τι</em></span> <span class='ocrx_word' id='word_1_71' title='bbox 525 923 780 995; x_wconf 81' lang='grc' dir='ltr'><em>σπουδάζῃ</em></span> <span class='ocrx_word' id='word_1_72' title='bbox 833 922 886 977; x_wconf 85' lang='grc' dir='ltr'><em>τὸ</em></span> <span class='ocrx_word' id='word_1_73' title='bbox 940 925 1125 992; x_wconf 83' lang='grc' dir='ltr'><em>βρέφος</em></span> <span class='ocrx_word' id='word_1_74' title='bbox 1174 926 1324 992; x_wconf 71' lang='grc' dir='ltr'><em>ἔχειν,</em></span> <span class='ocrx_word' id='word_1_75' title='bbox 1374 923 1405 992; x_wconf 79' lang='grc' dir='ltr'>ἡ</span> <span class='ocrx_word' id='word_1_76' title='bbox 1462 922 1629 991; x_wconf 89' lang='grc' dir='ltr'><em>σκάφη</em></span> <span class='ocrx_word' id='word_1_77' title='bbox 1681 922 1802 975; x_wconf 80' lang='grc' dir='ltr'><em>κατὰ</em></span> 
     </span>
    </p>
   </div>
   <div class='ocr_carea' id='block_1_6' title="bbox 73 1006 1806 2534">
    <p class='ocr_par' dir='ltr' id='par_1_6' title="bbox 109 1006 755 1076">
     <span class='ocr_line' id='line_1_11' title="bbox 109 1006 755 1076; baseline -0.005 -16"><span class='ocrx_word' id='word_1_78' title='bbox 109 1013 196 1076; x_wconf 85' lang='grc' dir='ltr'><em>τῆς</em></span> <span class='ocrx_word' id='word_1_79' title='bbox 231 1011 402 1075; x_wconf 77' lang='grc' dir='ltr'><em>κλίνης</em></span> <span class='ocrx_word' id='word_1_80' title='bbox 440 1006 755 1059; x_wconf 72' lang='grc' dir='ltr'><em>ἐπιτυθέσθω.</em></span> 
     </span>
    </p>

    <p class='ocr_par' dir='ltr' id='par_1_7' title="bbox 73 1083 1806 2534">
     <span class='ocr_line' id='line_1_12' title="bbox 226 1083 1804 1158; baseline -0.003 -17"><span class='ocrx_word' id='word_1_81' title='bbox 226 1094 346 1142; x_wconf 84' lang='grc'>107.</span> <span class='ocrx_word' id='word_1_82' title='bbox 402 1088 726 1156; x_wconf 84' lang='grc' dir='ltr'><em>παραινετέον</em></span> <span class='ocrx_word' id='word_1_83' title='bbox 775 1087 829 1139; x_wconf 81' lang='grc' dir='ltr'><em>δὲ</em></span> <span class='ocrx_word' id='word_1_84' title='bbox 874 1091 932 1157; x_wconf 79' lang='grc' dir='ltr'><em>τῇ</em></span> <span class='ocrx_word' id='word_1_85' title='bbox 977 1092 1145 1158; x_wconf 78' lang='grc' dir='ltr'><em>τροφῷ</em></span> <span class='ocrx_word' id='word_1_86' title='bbox 1190 1087 1270 1138; x_wconf 78' lang='grc' dir='ltr'><em>καὶ</em></span> <span class='ocrx_word' id='word_1_87' title='bbox 1317 1085 1434 1139; x_wconf 73' lang='grc' dir='ltr'><em>ὥστε</em></span> <span class='ocrx_word' id='word_1_88' title='bbox 1474 1083 1539 1154; x_wconf 85' lang='grc' dir='ltr'><em>μὴ</em></span> <span class='ocrx_word' id='word_1_89' title='bbox 1581 1083 1645 1137; x_wconf 80' lang='grc' dir='ltr'><em>δι’</em></span> <span class='ocrx_word' id='word_1_90' title='bbox 1689 1083 1804 1152; x_wconf 73' lang='grc' dir='ltr'><em>’ὅλης</em></span> 
     </span>
     <span class='ocr_line' id='line_1_13' title="bbox 111 1165 1803 1268; baseline -0.004 -44"><span class='ocrx_word' id='word_1_91' title='bbox 111 1177 198 1238; x_wconf 79' lang='grc' dir='ltr'><em>τῆς</em></span> <span class='ocrx_word' id='word_1_92' title='bbox 236 1167 419 1268; x_wconf 78' lang='grc' dir='ltr'><em>ἡμέρας</em></span> <span class='ocrx_word' id='word_1_93' title='bbox 457 1167 492 1237; x_wconf 76' lang='grc' dir='ltr'><em>ἢ</em></span> <span class='ocrx_word' id='word_1_94' title='bbox 531 1167 709 1231; x_wconf 88' lang='grc' dir='ltr'><em>νυκτὸς</em></span> <span class='ocrx_word' id='word_1_95' title='bbox 748 1167 945 1221; x_wconf 79' lang='grc' dir='ltr'><em>διδόναι</em></span> <span class='ocrx_word' id='word_1_96' title='bbox 982 1166 1034 1220; x_wconf 89' lang='grc' dir='ltr'><em>τὸ</em></span> <span class='ocrx_word' id='word_1_97' title='bbox 1073 1166 1212 1236; x_wconf 87' lang='grc' dir='ltr'><em>γάλα.</em></span> <span class='ocrx_word' id='word_1_98' title='bbox 1289 1166 1372 1220; x_wconf 79' lang='grc' dir='ltr'><em>διὰ</em></span> <span class='ocrx_word' id='word_1_99' title='bbox 1418 1166 1510 1237; x_wconf 81' lang='grc' dir='ltr'><em>γὰρ</em></span> <span class='ocrx_word' id='word_1_100' title='bbox 1556 1165 1647 1234; x_wconf 83' lang='grc' dir='ltr'><em>τὴν</em></span> <span class='ocrx_word' id='word_1_101' title='bbox 1688 1165 1803 1234; x_wconf 83' lang='grc' dir='ltr'><em>άμε-</em></span> 
     </span>
     <span class='ocr_line' id='line_1_14' title="bbox 111 1246 1806 1319; baseline -0.004 -14"><span class='ocrx_word' id='word_1_102' title='bbox 111 1256 251 1319; x_wconf 86' lang='grc' dir='ltr'><em>τρίαν</em></span> <span class='ocrx_word' id='word_1_103' title='bbox 287 1250 454 1313; x_wconf 87' lang='grc' dir='ltr'><em>νόσοις</em></span> <span class='ocrx_word' id='word_1_104' title='bbox 484 1247 743 1316; x_wconf 78' lang='grc' dir='ltr'><em>ἁλίσκεται,</em></span> <span class='ocrx_word' id='word_1_105' title='bbox 781 1250 899 1316; x_wconf 86' lang='grc' dir='ltr'><em>πρὶν</em></span> <span class='ocrx_word' id='word_1_106' title='bbox 930 1250 1304 1316; x_wconf 84' lang='grc' dir='ltr'><em>ε’ξοικονομῆσαι</em></span> <span class='ocrx_word' id='word_1_107' title='bbox 1333 1246 1385 1301; x_wconf 87' lang='grc' dir='ltr'><em>τὸ</em></span> <span class='ocrx_word' id='word_1_108' title='bbox 1418 1253 1611 1316; x_wconf 82' lang='grc' dir='ltr'><em>πρῶτον</em></span> <span class='ocrx_word' id='word_1_109' title='bbox 1643 1248 1806 1315; x_wconf 81' lang='grc' dir='ltr'><em>ἕτερον</em></span> 
     </span>
     <span class='ocr_line' id='line_1_15' title="bbox 110 1327 1804 1402; baseline -0.004 -16"><span class='ocrx_word' id='word_1_110' title='bbox 110 1331 368 1402; x_wconf 86' lang='grc' dir='ltr'><em>λαμβάνον</em></span> <span class='ocrx_word' id='word_1_111' title='bbox 414 1333 497 1385; x_wconf 82' lang='grc' dir='ltr'><em>καὶ</em></span> <span class='ocrx_word' id='word_1_112' title='bbox 544 1330 700 1394; x_wconf 71' lang='grc' dir='ltr'><em>οὕτως</em></span> <span class='ocrx_word' id='word_1_113' title='bbox 746 1332 1047 1397; x_wconf 80' lang='grc' dir='ltr'><em>διαφθεῖρον</em></span> <span class='ocrx_word' id='word_1_114' title='bbox 1091 1328 1144 1382; x_wconf 87' lang='grc' dir='ltr'><em>τὸ</em></span> <span class='ocrx_word' id='word_1_115' title='bbox 1196 1335 1413 1397; x_wconf 81' lang='grc' dir='ltr'><em>πρῶτον,</em></span> <span class='ocrx_word' id='word_1_116' title='bbox 1467 1330 1550 1381; x_wconf 86' lang='grc' dir='ltr'><em>καὶ</em></span> <span class='ocrx_word' id='word_1_117' title='bbox 1603 1327 1804 1396; x_wconf 89' lang='grc' dir='ltr'><em>μάλιστα</em></span> 
     </span>
     <span class='ocr_line' id='line_1_16' title="bbox 111 1407 1798 1479; baseline -0.004 -12"><span class='ocrx_word' id='word_1_118' title='bbox 111 1412 301 1477; x_wconf 89' lang='grc' dir='ltr'><em>νυκτός.</em></span> <span class='ocrx_word' id='word_1_119' title='bbox 394 1411 655 1475; x_wconf 87' lang='grc' dir='ltr'><em>πλεονάκις</em></span> <span class='ocrx_word' id='word_1_120' title='bbox 709 1433 798 1479; x_wconf 87' lang='grc' dir='ltr'><em>μεν</em></span> <span class='ocrx_word' id='word_1_121' title='bbox 852 1413 944 1464; x_wconf 84' lang='grc' dir='ltr'><em>οὐν</em></span> <span class='ocrx_word' id='word_1_122' title='bbox 1006 1411 1234 1479; x_wconf 88' lang='grc' dir='ltr'><em>παρέχειν</em></span> <span class='ocrx_word' id='word_1_123' title='bbox 1293 1407 1380 1462; x_wconf 89' lang='grc' dir='ltr'><em>τὸν</em></span> <span class='ocrx_word' id='word_1_124' title='bbox 1439 1407 1622 1478; x_wconf 89' lang='grc' dir='ltr'><em>μαστὸν</em></span> <span class='ocrx_word' id='word_1_125' title='bbox 1682 1407 1798 1478; x_wconf 83' lang='grc' dir='ltr'><em>παρ’</em></span> 
     </span>
     <span class='ocr_line' id='line_1_17' title="bbox 111 1489 1801 1563; baseline -0.003 -15"><span class='ocrx_word' id='word_1_126' title='bbox 111 1494 231 1548; x_wconf 90' lang='grc' dir='ltr'><em>όσον</em></span> <span class='ocrx_word' id='word_1_127' title='bbox 269 1493 360 1563; x_wconf 85' lang='grc' dir='ltr'><em>τὴν</em></span> <span class='ocrx_word' id='word_1_128' title='bbox 399 1492 617 1562; x_wconf 72' lang='grc' dir='ltr'><em>αὐτάρκη</em></span> <span class='ocrx_word' id='word_1_129' title='bbox 656 1490 849 1560; x_wconf 83' lang='grc' dir='ltr'><em>τροφὴν</em></span> <span class='ocrx_word' id='word_1_130' title='bbox 887 1490 949 1545; x_wconf 79' lang='grc' dir='ltr'><em>οὐ</em></span> <span class='ocrx_word' id='word_1_131' title='bbox 988 1490 1194 1544; x_wconf 82' lang='grc' dir='ltr'><em>δύναται</em></span> <span class='ocrx_word' id='word_1_132' title='bbox 1231 1489 1512 1559; x_wconf 89' lang='grc' dir='ltr'><em>λαμβάνειν.</em></span> <span class='ocrx_word' id='word_1_133' title='bbox 1587 1492 1671 1543; x_wconf 87' lang='grc' dir='ltr'><em>καὶ</em></span> <span class='ocrx_word' id='word_1_134' title='bbox 1708 1489 1801 1560; x_wconf 80' lang='grc' dir='ltr'><em>γὰρ</em></span> 
     </span>
     <span class='ocr_line' id='line_1_18' title="bbox 109 1571 1801 1646; baseline -0.003 -17"><span class='ocrx_word' id='word_1_135' title='bbox 109 1575 162 1629; x_wconf 89' lang='grc' dir='ltr'><em>τὸ</em></span> <span class='ocrx_word' id='word_1_136' title='bbox 213 1574 339 1646; x_wconf 89' lang='grc' dir='ltr'><em>γάλα</em></span> <span class='ocrx_word' id='word_1_137' title='bbox 385 1573 533 1642; x_wconf 81' lang='grc' dir='ltr'><em>φύσει</em></span> <span class='ocrx_word' id='word_1_138' title='bbox 583 1572 827 1641; x_wconf 85' lang='grc' dir='ltr'><em>πλήσμιον</em></span> <span class='ocrx_word' id='word_1_139' title='bbox 875 1571 993 1625; x_wconf 76' lang='grc' dir='ltr'><em>ὥστε</em></span> <span class='ocrx_word' id='word_1_140' title='bbox 1037 1571 1189 1641; x_wconf 91' lang='grc' dir='ltr'><em>κόρον</em></span> <span class='ocrx_word' id='word_1_141' title='bbox 1237 1574 1498 1639; x_wconf 82' lang='grc' dir='ltr'><em>ἐμποιῆσαι</em></span> <span class='ocrx_word' id='word_1_142' title='bbox 1534 1578 1600 1644; x_wconf 81' lang='grc' dir='ltr'><em>τῷ</em></span> <span class='ocrx_word' id='word_1_143' title='bbox 1638 1576 1801 1645; x_wconf 81' lang='grc' dir='ltr'><em>νηπίῳ</em></span> 
     </span>
     <span class='ocr_line' id='line_1_19' title="bbox 73 1651 1801 1725; baseline -0.003 -15"><span class='ocrx_word' id='word_1_144' title='bbox 73 1676 76 1677; x_wconf 70' lang='grc'>’</span> <span class='ocrx_word' id='word_1_145' title='bbox 109 1658 227 1725; x_wconf 81' lang='grc' dir='ltr'><em>πρὶν</em></span> <span class='ocrx_word' id='word_1_146' title='bbox 275 1654 307 1724; x_wconf 79' lang='grc' dir='ltr'><em>ἢ</em></span> <span class='ocrx_word' id='word_1_147' title='bbox 356 1655 594 1725; x_wconf 76' lang='grc' dir='ltr'><em>αὔταρκες</em></span> <span class='ocrx_word' id='word_1_148' title='bbox 642 1653 773 1725; x_wconf 81' lang='grc' dir='ltr'><em>αὐτῷ</em></span> <span class='ocrx_word' id='word_1_149' title='bbox 818 1652 943 1722; x_wconf 89' lang='grc' dir='ltr'><em>πρὸς</em></span> <span class='ocrx_word' id='word_1_150' title='bbox 986 1652 1079 1721; x_wconf 83' lang='grc' dir='ltr'><em>τὴν</em></span> <span class='ocrx_word' id='word_1_151' title='bbox 1125 1651 1399 1720; x_wconf 84' lang='grc' dir='ltr'><em>διάθρεψιν</em></span> <span class='ocrx_word' id='word_1_152' title='bbox 1448 1659 1801 1722; x_wconf 82' lang='grc' dir='ltr'><em>παρατεθῆναι.</em></span> 
     </span>
     <span class='ocr_line' id='line_1_20' title="bbox 111 1733 1802 1805; baseline -0.002 -15"><span class='ocrx_word' id='word_1_153' title='bbox 111 1739 195 1790; x_wconf 84' lang='grc' dir='ltr'><em>καὶ</em></span> <span class='ocrx_word' id='word_1_154' title='bbox 234 1735 355 1790; x_wconf 77' lang='grc' dir='ltr'><em>αὐτὸ</em></span> <span class='ocrx_word' id='word_1_155' title='bbox 396 1737 451 1789; x_wconf 81' lang='grc' dir='ltr'><em>δὲ</em></span> <span class='ocrx_word' id='word_1_156' title='bbox 489 1735 540 1790; x_wconf 89' lang='grc' dir='ltr'><em>τὸ</em></span> <span class='ocrx_word' id='word_1_157' title='bbox 583 1736 769 1805; x_wconf 85' lang='grc' dir='ltr'><em>βρέφος</em></span> <span class='ocrx_word' id='word_1_158' title='bbox 814 1734 1007 1804; x_wconf 89' lang='grc' dir='ltr'><em>κάμνον</em></span> <span class='ocrx_word' id='word_1_159' title='bbox 1054 1733 1137 1787; x_wconf 80' lang='grc' dir='ltr'><em>διὰ</em></span> <span class='ocrx_word' id='word_1_160' title='bbox 1182 1734 1274 1802; x_wconf 75' lang='grc' dir='ltr'><em>τήν</em></span> <span class='ocrx_word' id='word_1_161' title='bbox 1320 1733 1524 1789; x_wconf 77' lang='grc' dir='ltr'><em>ἀτονίαν</em></span> <span class='ocrx_word' id='word_1_162' title='bbox 1567 1740 1654 1788; x_wconf 88' lang='grc' dir='ltr'><em>τοῦ</em></span> <span class='ocrx_word' id='word_1_163' title='bbox 1700 1735 1802 1787; x_wconf 83' lang='grc' dir='ltr'><em>ἐπι-</em></span> 
     </span>
     <span class='ocr_line' id='line_1_21' title="bbox 111 1814 1802 1888; baseline -0.002 -16"><span class='ocrx_word' id='word_1_164' title='bbox 111 1825 335 1872; x_wconf 79' lang='grc' dir='ltr'><em>σπᾶσθαι</em></span> <span class='ocrx_word' id='word_1_165' title='bbox 365 1817 478 1888; x_wconf 70' lang='grc' dir='ltr'><em>ἄχρι</em></span> <span class='ocrx_word' id='word_1_166' title='bbox 507 1821 733 1880; x_wconf 91' lang='grc' dir='ltr'><em>πλείονος</em></span> <span class='ocrx_word' id='word_1_167' title='bbox 763 1815 854 1885; x_wconf 82' lang='grc' dir='ltr'><em>τὴν</em></span> <span class='ocrx_word' id='word_1_168' title='bbox 883 1815 1067 1884; x_wconf 80' lang='grc' dir='ltr'><em>θηλήν,</em></span> <span class='ocrx_word' id='word_1_169' title='bbox 1098 1814 1358 1883; x_wconf 79' lang='grc' dir='ltr'><em>ἀφίσταται</em></span> <span class='ocrx_word' id='word_1_170' title='bbox 1388 1814 1484 1884; x_wconf 89' lang='grc' dir='ltr'><em>πρὸ</em></span> <span class='ocrx_word' id='word_1_171' title='bbox 1515 1822 1601 1869; x_wconf 87' lang='grc' dir='ltr'><em>τοῦ</em></span> <span class='ocrx_word' id='word_1_172' title='bbox 1633 1819 1802 1884; x_wconf 87' lang='grc' dir='ltr'><em>λαβεῖν</em></span> 
     </span>
     <span class='ocr_line' id='line_1_22' title="bbox 112 1895 1802 1970; baseline -0.002 -18"><span class='ocrx_word' id='word_1_173' title='bbox 112 1899 165 1953; x_wconf 87' lang='grc' dir='ltr'><em>τὸ</em></span> <span class='ocrx_word' id='word_1_174' title='bbox 212 1899 460 1967; x_wconf 73' lang='grc' dir='ltr'><em>αὔταρκες.</em></span> <span class='ocrx_word' id='word_1_175' title='bbox 538 1897 656 1966; x_wconf 82' lang='grc' dir='ltr'><em>παρ’</em></span> <span class='ocrx_word' id='word_1_176' title='bbox 700 1897 727 1951; x_wconf 79' lang='grc' dir='ltr'>ὃ</span> <span class='ocrx_word' id='word_1_177' title='bbox 767 1896 1029 1961; x_wconf 89' lang='grc' dir='ltr'><em>πλεονάκις</em></span> <span class='ocrx_word' id='word_1_178' title='bbox 1069 1898 1157 1965; x_wconf 81' lang='grc' dir='ltr'><em>μὲν</em></span> <span class='ocrx_word' id='word_1_179' title='bbox 1195 1896 1328 1970; x_wconf 77' lang='grc' dir='ltr'><em>αὐτῷ</em></span> <span class='ocrx_word' id='word_1_180' title='bbox 1369 1901 1450 1950; x_wconf 86' lang='grc' dir='ltr'><em>δεῖ</em></span> <span class='ocrx_word' id='word_1_181' title='bbox 1479 1896 1532 1951; x_wconf 87' lang='grc' dir='ltr'><em>τὸ</em></span> <span class='ocrx_word' id='word_1_182' title='bbox 1570 1895 1696 1966; x_wconf 88' lang='grc' dir='ltr'><em>γάλα</em></span> <span class='ocrx_word' id='word_1_183' title='bbox 1734 1900 1802 1949; x_wconf 90' lang='grc' dir='ltr'><em>δί-</em></span> 
     </span>
     <span class='ocr_line' id='line_1_23' title="bbox 118 1976 1802 2047; baseline -0.002 -13"><span class='ocrx_word' id='word_1_184' title='bbox 118 1983 318 2047; x_wconf 81' lang='grc' dir='ltr'><em>δοσθαι,</em></span> <span class='ocrx_word' id='word_1_185' title='bbox 355 1978 486 2047; x_wconf 83' lang='grc' dir='ltr'><em>πλὴν</em></span> <span class='ocrx_word' id='word_1_186' title='bbox 526 1978 618 2033; x_wconf 76' lang='grc' dir='ltr'><em>οῦκ</em></span> <span class='ocrx_word' id='word_1_187' title='bbox 656 1977 975 2042; x_wconf 74' lang='grc' dir='ltr'><em>ἀδιαλείπτως</em></span> <span class='ocrx_word' id='word_1_188' title='bbox 1014 1977 1132 2032; x_wconf 78' lang='grc' dir='ltr'><em>οὐδὲ</em></span> <span class='ocrx_word' id='word_1_189' title='bbox 1169 1977 1265 2047; x_wconf 90' lang='grc' dir='ltr'><em>πρὸ</em></span> <span class='ocrx_word' id='word_1_190' title='bbox 1295 1985 1383 2032; x_wconf 90' lang='grc' dir='ltr'><em>τοῦ</em></span> <span class='ocrx_word' id='word_1_191' title='bbox 1413 1983 1638 2045; x_wconf 81' lang='grc' dir='ltr'><em>λουτροῦ,</em></span> <span class='ocrx_word' id='word_1_192' title='bbox 1676 1976 1802 2031; x_wconf 79' lang='grc' dir='ltr'><em>πολὺ</em></span> 
     </span>
     <span class='ocr_line' id='line_1_24' title="bbox 112 2058 1801 2129; baseline -0.002 -15"><span class='ocrx_word' id='word_1_193' title='bbox 112 2062 166 2114; x_wconf 83' lang='grc' dir='ltr'><em>δὲ</em></span> <span class='ocrx_word' id='word_1_194' title='bbox 213 2066 397 2129; x_wconf 78' lang='grc' dir='ltr'><em>μᾶλλον</em></span> <span class='ocrx_word' id='word_1_195' title='bbox 446 2058 555 2114; x_wconf 75' lang='grc' dir='ltr'><em>οὐδ’</em></span> <span class='ocrx_word' id='word_1_196' title='bbox 606 2061 661 2113; x_wconf 79' lang='grc' dir='ltr'><em>ἐν</em></span> <span class='ocrx_word' id='word_1_197' title='bbox 709 2058 875 2123; x_wconf 77' lang='grc' dir='ltr'><em>αὐτοῖς</em></span> <span class='ocrx_word' id='word_1_198' title='bbox 918 2067 1019 2123; x_wconf 88' lang='grc' dir='ltr'><em>τοῖς</em></span> <span class='ocrx_word' id='word_1_199' title='bbox 1065 2063 1365 2128; x_wconf 83' lang='grc' dir='ltr'><em>βαλανείοις,</em></span> <span class='ocrx_word' id='word_1_200' title='bbox 1418 2059 1538 2127; x_wconf 75' lang='grc' dir='ltr'><em>ὅπερ</em></span> <span class='ocrx_word' id='word_1_201' title='bbox 1592 2058 1801 2127; x_wconf 78' lang='grc' dir='ltr'><em>ἀπαραι-</em></span> 
     </span>
     <span class='ocr_line' id='line_1_25' title="bbox 109 2139 1801 2212; baseline -0.002 -17"><span class='ocrx_word' id='word_1_202' title='bbox 109 2141 263 2210; x_wconf 83' lang='grc' dir='ltr'><em>τήτως</em></span> <span class='ocrx_word' id='word_1_203' title='bbox 309 2146 542 2195; x_wconf 85' lang='grc' dir='ltr'><em>ποιοῦσιν</em></span> <span class='ocrx_word' id='word_1_204' title='bbox 592 2144 648 2194; x_wconf 82' lang='grc' dir='ltr'><em>αἱ</em></span> <span class='ocrx_word' id='word_1_205' title='bbox 687 2148 918 2210; x_wconf 87' lang='grc' dir='ltr'><em>γυναῖκες</em></span> <span class='ocrx_word' id='word_1_206' title='bbox 973 2144 1156 2212; x_wconf 73' lang='grc' dir='ltr'><em>ῥαδίως</em></span> <span class='ocrx_word' id='word_1_207' title='bbox 1208 2148 1380 2194; x_wconf 85' lang='grc' dir='ltr'><em>κλαῖον</em></span> <span class='ocrx_word' id='word_1_208' title='bbox 1433 2139 1551 2193; x_wconf 79' lang='grc' dir='ltr'><em>αὐτὸ</em></span> <span class='ocrx_word' id='word_1_209' title='bbox 1607 2145 1801 2209; x_wconf 82' lang='grc' dir='ltr'><em>σιγῆσαι</em></span> 
     </span>
     <span class='ocr_line' id='line_1_26' title="bbox 112 2219 1800 2291; baseline -0.002 -15"><span class='ocrx_word' id='word_1_210' title='bbox 112 2224 386 2276; x_wconf 79' lang='grc' dir='ltr'><em>ἐθέλουσαι.</em></span> <span class='ocrx_word' id='word_1_211' title='bbox 426 2223 846 2291; x_wconf 78' lang='grc' dir='ltr'><em>διαφθειρομένου</em></span> <span class='ocrx_word' id='word_1_212' title='bbox 873 2223 927 2275; x_wconf 82' lang='grc' dir='ltr'><em>δὲ</em></span> <span class='ocrx_word' id='word_1_213' title='bbox 949 2223 1033 2274; x_wconf 85' lang='grc' dir='ltr'><em>καὶ</em></span> <span class='ocrx_word' id='word_1_214' title='bbox 1056 2219 1431 2290; x_wconf 81' lang='grc' dir='ltr'><em>ἆποξυνομένου</em></span> <span class='ocrx_word' id='word_1_215' title='bbox 1454 2227 1541 2274; x_wconf 88' lang='grc' dir='ltr'><em>τοῦ</em></span> <span class='ocrx_word' id='word_1_216' title='bbox 1564 2219 1800 2289; x_wconf 88' lang='grc' dir='ltr'><em>γάλακτος</em></span> 
     </span>
     <span class='ocr_line' id='line_1_27' title="bbox 112 2301 1798 2372; baseline -0.002 -16"><span class='ocrx_word' id='word_1_217' title='bbox 112 2309 346 2358; x_wconf 80' lang='grc' dir='ltr'><em>κακοῦται</em></span> <span class='ocrx_word' id='word_1_218' title='bbox 375 2302 429 2357; x_wconf 86' lang='grc' dir='ltr'><em>τὸ</em></span> <span class='ocrx_word' id='word_1_219' title='bbox 461 2307 704 2372; x_wconf 80' lang='grc' dir='ltr'><em>νευρῶδες</em></span> <span class='ocrx_word' id='word_1_220' title='bbox 737 2305 996 2370; x_wconf 82' lang='grc' dir='ltr'><em>ἐπιληψίαι</em></span> <span class='ocrx_word' id='word_1_221' title='bbox 1025 2323 1074 2355; x_wconf 92' lang='grc' dir='ltr'><em>τε</em></span> <span class='ocrx_word' id='word_1_222' title='bbox 1103 2304 1187 2355; x_wconf 83' lang='grc' dir='ltr'><em>καὶ</em></span> <span class='ocrx_word' id='word_1_223' title='bbox 1217 2301 1515 2370; x_wconf 79' lang='grc' dir='ltr'><em>ἀποπληξίαι</em></span> <span class='ocrx_word' id='word_1_224' title='bbox 1537 2305 1798 2372; x_wconf 76' lang='grc' dir='ltr'><em>γίγνονται.</em></span> 
     </span>
     <span class='ocr_line' id='line_1_28' title="bbox 112 2381 1802 2454; baseline -0.002 -16"><span class='ocrx_word' id='word_1_225' title='bbox 112 2385 314 2438; x_wconf 87' lang='grc' dir='ltr'><em>πάντων</em></span> <span class='ocrx_word' id='word_1_226' title='bbox 354 2386 407 2438; x_wconf 83' lang='grc' dir='ltr'><em>δὲ</em></span> <span class='ocrx_word' id='word_1_227' title='bbox 445 2384 783 2454; x_wconf 78' lang='grc' dir='ltr'><em>χαλεπώτατον</em></span> <span class='ocrx_word' id='word_1_228' title='bbox 820 2383 872 2438; x_wconf 92' lang='grc' dir='ltr'><em>τὸ</em></span> <span class='ocrx_word' id='word_1_229' title='bbox 913 2387 982 2447; x_wconf 84' lang='grc' dir='ltr'><em>εἰς</em></span> <span class='ocrx_word' id='word_1_230' title='bbox 1019 2381 1348 2451; x_wconf 83' lang='grc' dir='ltr'><em>προφυλακὴν</em></span> <span class='ocrx_word' id='word_1_231' title='bbox 1385 2389 1471 2436; x_wconf 88' lang='grc' dir='ltr'><em>τοῦ</em></span> <span class='ocrx_word' id='word_1_232' title='bbox 1511 2381 1625 2450; x_wconf 85' lang='grc' dir='ltr'><em>μηδ’</em></span> <span class='ocrx_word' id='word_1_233' title='bbox 1678 2381 1802 2444; x_wconf 73' lang='grc' dir='ltr'><em>’ὅλως</em></span> 
     </span>
     <span class='ocr_line' id='line_1_29' title="bbox 112 2461 1800 2534; baseline -0.002 -15"><span class='ocrx_word' id='word_1_234' title='bbox 112 2464 229 2519; x_wconf 76' lang='grc' dir='ltr'><em>αὐτὸ</em></span> <span class='ocrx_word' id='word_1_235' title='bbox 267 2471 476 2519; x_wconf 89' lang='grc' dir='ltr'><em>κλαῦσαι</em></span> <span class='ocrx_word' id='word_1_236' title='bbox 512 2464 603 2534; x_wconf 82' lang='grc' dir='ltr'><em>τὴν</em></span> <span class='ocrx_word' id='word_1_237' title='bbox 639 2464 807 2533; x_wconf 81' lang='grc' dir='ltr'><em>θηλὴν</em></span> <span class='ocrx_word' id='word_1_238' title='bbox 840 2463 921 2518; x_wconf 77' lang='grc' dir='ltr'><em>διὰ</em></span> <span class='ocrx_word' id='word_1_239' title='bbox 952 2471 1039 2518; x_wconf 85' lang='grc' dir='ltr'><em>τοῦ</em></span> <span class='ocrx_word' id='word_1_240' title='bbox 1070 2463 1304 2532; x_wconf 88' lang='grc' dir='ltr'><em>στόματος</em></span> <span class='ocrx_word' id='word_1_241' title='bbox 1334 2471 1614 2516; x_wconf 87' lang='grc' dir='ltr'><em>καταλιπεῖν</em></span> <span class='ocrx_word' id='word_1_242' title='bbox 1646 2461 1800 2516; x_wconf 73' lang='grc' dir='ltr'><em>αὑτοῦ</em></span> 
     </span>
    </p>
   </div>
   <div class='ocr_carea' id='block_1_7' title="bbox 113 2643 1799 2941">
    <p class='ocr_par' dir='ltr' id='par_1_8' title="bbox 113 2643 1799 2941">
     <span class='ocr_line' id='line_1_30' title="bbox 231 2643 1799 2719; baseline -0.003 -28"><span class='ocrx_word' id='word_1_243' title='bbox 231 2651 257 2691; x_wconf 80' lang='lat'><strong>2</strong></span> <span class='ocrx_word' id='word_1_244' title='bbox 291 2643 449 2691; x_wconf 74' lang='grc' dir='ltr'><em>αὐτῶν</em></span> <span class='ocrx_word' id='word_1_245' title='bbox 482 2661 508 2692; x_wconf 83' lang='lat' dir='ltr'>c</span> <span class='ocrx_word' id='word_1_246' title='bbox 540 2649 673 2719; x_wconf 84' lang='lat' dir='ltr'>(corr.</span> <span class='ocrx_word' id='word_1_247' title='bbox 706 2646 777 2704; x_wconf 86' lang='lat' dir='ltr'><em>E).</em></span> <span class='ocrx_word' id='word_1_248' title='bbox 892 2651 918 2692; x_wconf 87' lang='lat'>5</span> <span class='ocrx_word' id='word_1_249' title='bbox 954 2643 1192 2697; x_wconf 78' lang='grc' dir='ltr'><em>εἰωθότως</em></span> <span class='ocrx_word' id='word_1_250' title='bbox 1224 2660 1248 2690; x_wconf 87' lang='lat' dir='ltr'>c</span> <span class='ocrx_word' id='word_1_251' title='bbox 1281 2647 1413 2701; x_wconf 84' lang='lat' dir='ltr'>(corr.</span> <span class='ocrx_word' id='word_1_252' title='bbox 1446 2645 1518 2702; x_wconf 93' lang='lat' dir='ltr'><em>D).</em></span> <span class='ocrx_word' id='word_1_253' title='bbox 1626 2649 1652 2689; x_wconf 89' lang='lat'>8</span> <span class='ocrx_word' id='word_1_254' title='bbox 1684 2661 1799 2701; x_wconf 87' lang='grc' dir='ltr'><em>παρ-</em></span> 
     </span>
     <span class='ocr_line' id='line_1_31' title="bbox 113 2703 1740 2777; baseline -0.002 -27"><span class='ocrx_word' id='word_1_255' title='bbox 113 2706 242 2750; x_wconf 88' lang='grc' dir='ltr'><em>αιτία</em></span> <span class='ocrx_word' id='word_1_256' title='bbox 275 2719 314 2751; x_wconf 78' lang='grc' dir='ltr'><em>ο.</em></span> <span class='ocrx_word' id='word_1_257' title='bbox 459 2710 485 2750; x_wconf 85' lang='grc'>9</span> <span class='ocrx_word' id='word_1_258' title='bbox 520 2703 650 2751; x_wconf 76' lang='grc' dir='ltr'><em>ἕνιόν</em></span> <span class='ocrx_word' id='word_1_259' title='bbox 682 2723 726 2751; x_wconf 87' lang='grc' dir='ltr'><em>τι</em></span> <span class='ocrx_word' id='word_1_260' title='bbox 759 2721 783 2752; x_wconf 86' lang='lat' dir='ltr'>c</span> <span class='ocrx_word' id='word_1_261' title='bbox 816 2708 949 2764; x_wconf 85' lang='lat' dir='ltr'>(corr.</span> <span class='ocrx_word' id='word_1_262' title='bbox 981 2706 1051 2762; x_wconf 84' lang='lat' dir='ltr'><em>E).</em></span> <span class='ocrx_word' id='word_1_263' title='bbox 1176 2710 1230 2749; x_wconf 89' lang='lat'><em>11</em></span> <span class='ocrx_word' id='word_1_264' title='bbox 1262 2705 1414 2777; x_wconf 81' lang='grc' dir='ltr'><em>τροφῆ</em></span> <span class='ocrx_word' id='word_1_265' title='bbox 1448 2719 1472 2749; x_wconf 87' lang='lat' dir='ltr'>c</span> <span class='ocrx_word' id='word_1_266' title='bbox 1504 2709 1635 2772; x_wconf 82' lang='lat' dir='ltr'>(corr.</span> <span class='ocrx_word' id='word_1_267' title='bbox 1667 2703 1740 2758; x_wconf 92' lang='lat' dir='ltr'><em>D).</em></span> 
     </span>
     <span class='ocr_line' id='line_1_32' title="bbox 115 2759 1798 2836; baseline -0.002 -28"><span class='ocrx_word' id='word_1_268' title='bbox 115 2770 169 2809; x_wconf 88' lang='lat'><em>13</em></span> <span class='ocrx_word' id='word_1_269' title='bbox 205 2761 479 2809; x_wconf 86' lang='grc' dir='ltr'><em>αλίσκονται</em></span> <span class='ocrx_word' id='word_1_270' title='bbox 510 2779 534 2810; x_wconf 83' lang='lat' dir='ltr'>c</span> <span class='ocrx_word' id='word_1_271' title='bbox 567 2767 700 2822; x_wconf 81' lang='lat' dir='ltr'>(corr.</span> <span class='ocrx_word' id='word_1_272' title='bbox 726 2765 800 2823; x_wconf 85' lang='lat' dir='ltr'><em>D).</em></span> <span class='ocrx_word' id='word_1_273' title='bbox 925 2771 979 2810; x_wconf 85' lang='lat'><em>17</em></span> <span class='ocrx_word' id='word_1_274' title='bbox 1012 2762 1243 2822; x_wconf 84' lang='grc' dir='ltr'><em>πλήσμιον</em></span> <span class='ocrx_word' id='word_1_275' title='bbox 1275 2760 1416 2809; x_wconf 73' lang='grc' dir='ltr'><em>ἇίστεε</em></span> <span class='ocrx_word' id='word_1_276' title='bbox 1446 2759 1719 2836; x_wconf 79' lang='grc' dir='ltr'><em>πλησμόνως</em></span> <span class='ocrx_word' id='word_1_277' title='bbox 1749 2777 1798 2805; x_wconf 88' lang='grc' dir='ltr'><em>τε</em></span> 
     </span>
     <span class='ocr_line' id='line_1_33' title="bbox 113 2819 1739 2894; baseline -0.003 -26"><span class='ocrx_word' id='word_1_278' title='bbox 113 2838 150 2868; x_wconf 83' lang='lat' dir='ltr'><em>c.</em></span> <span class='ocrx_word' id='word_1_279' title='bbox 302 2828 360 2867; x_wconf 81' lang='lat'><em>24</em></span> <span class='ocrx_word' id='word_1_280' title='bbox 406 2824 589 2879; x_wconf 86' lang='grc' dir='ltr'><em>σιτῆσαι</em></span> <span class='ocrx_word' id='word_1_281' title='bbox 628 2839 652 2869; x_wconf 85' lang='lat' dir='ltr'>c</span> <span class='ocrx_word' id='word_1_282' title='bbox 684 2825 760 2881; x_wconf 87' lang='lat' dir='ltr'><strong>(cf.</strong></span> <span class='ocrx_word' id='word_1_283' title='bbox 792 2826 846 2869; x_wconf 90' lang='lat' dir='ltr'><em>R.</em></span> <span class='ocrx_word' id='word_1_284' title='bbox 860 2839 955 2894; x_wconf 35' lang='lat' dir='ltr'><em>¹uap.</em></span> <span class='ocrx_word' id='word_1_285' title='bbox 986 2824 1048 2868; x_wconf 51' lang='grc' dir='ltr'><em>ΕΒ</em></span> <span class='ocrx_word' id='word_1_286' title='bbox 1077 2839 1121 2881; x_wconf 89' lang='lat' dir='ltr'><em>p.</em></span> <span class='ocrx_word' id='word_1_287' title='bbox 1148 2825 1238 2880; x_wconf 84' lang='lat'>47).</span> <span class='ocrx_word' id='word_1_288' title='bbox 1391 2827 1447 2867; x_wconf 82' lang='lat'><em>27</em></span> <span class='ocrx_word' id='word_1_289' title='bbox 1481 2819 1556 2865; x_wconf 76' lang='grc' dir='ltr'><em>τόε</em></span> <span class='ocrx_word' id='word_1_290' title='bbox 1589 2819 1670 2864; x_wconf 85' lang='grc' dir='ltr'><em>καὶ</em></span> <span class='ocrx_word' id='word_1_291' title='bbox 1701 2834 1739 2866; x_wconf 86' lang='lat' dir='ltr'><em>c.</em></span> 
     </span>
     <span class='ocr_line' id='line_1_34' title="bbox 113 2880 1176 2941; baseline -0.001 -14"><span class='ocrx_word' id='word_1_292' title='bbox 113 2887 169 2927; x_wconf 84' lang='lat'><em>28</em></span> <span class='ocrx_word' id='word_1_293' title='bbox 201 2880 282 2928; x_wconf 79' lang='grc' dir='ltr'><em>διὰ</em></span> <span class='ocrx_word' id='word_1_294' title='bbox 314 2882 397 2927; x_wconf 81' lang='grc' dir='ltr'><em>τοῦ</em></span> <span class='ocrx_word' id='word_1_295' title='bbox 431 2880 679 2940; x_wconf 75' lang='grc' dir='ltr'><em>στόματοςε</em></span> <span class='ocrx_word' id='word_1_296' title='bbox 712 2885 793 2928; x_wconf 87' lang='grc' dir='ltr'><em>δεῖ</em></span> <span class='ocrx_word' id='word_1_297' title='bbox 816 2885 879 2928; x_wconf 78' lang='grc' dir='ltr'><em>τῶ</em></span> <span class='ocrx_word' id='word_1_298' title='bbox 913 2882 1106 2941; x_wconf 85' lang='grc' dir='ltr'><em>στόματι</em></span> <span class='ocrx_word' id='word_1_299' title='bbox 1141 2897 1176 2929; x_wconf 86' lang='lat' dir='ltr'><em>e.</em></span> 
     </span>
    </p>
   </div>
   <div class='ocr_carea' id='block_1_8' title="bbox 1827 1029 1871 1060">
    <p class='ocr_par' dir='ltr' id='par_1_9' title="bbox 1827 1029 1871 1060">
     <span class='ocr_line' id='line_1_35' title="bbox 1827 1029 1871 1060; baseline 0 0"><span class='ocrx_word' id='word_1_300' title='bbox 1827 1029 1871 1060; x_wconf 91' lang='lat'><em>10</em></span> 
     </span>
    </p>
   </div>
   <div class='ocr_carea' id='block_1_9' title="bbox 1828 1433 1871 1466">
    <p class='ocr_par' dir='ltr' id='par_1_10' title="bbox 1828 1433 1871 1466">
     <span class='ocr_line' id='line_1_36' title="bbox 1828 1433 1871 1466; baseline 0.023 -1"><span class='ocrx_word' id='word_1_301' title='bbox 1828 1433 1871 1466; x_wconf 85' lang='lat'><em>15</em></span> 
     </span>
    </p>
   </div>
   <div class='ocr_carea' id='block_1_10' title="bbox 1827 1840 1870 1872">
    <p class='ocr_par' dir='ltr' id='par_1_11' title="bbox 1827 1840 1870 1872">
     <span class='ocr_line' id='line_1_37' title="bbox 1827 1840 1870 1872; baseline 0.023 -1"><span class='ocrx_word' id='word_1_302' title='bbox 1827 1840 1870 1872; x_wconf 85' lang='lat'><em>20</em></span> 
     </span>
    </p>
   </div>
   <div class='ocr_carea' id='block_1_11' title="bbox 1825 2243 1868 2276">
    <p class='ocr_par' dir='ltr' id='par_1_12' title="bbox 1825 2243 1868 2276">
     <span class='ocr_line' id='line_1_38' title="bbox 1825 2243 1868 2276; baseline 0.023 -1"><span class='ocrx_word' id='word_1_303' title='bbox 1825 2243 1868 2276; x_wconf 85' lang='lat'><em>25</em></span> 
     </span>
    </p>
   </div>
  </div>
 </body>
</html>
