2014 3162
508 745 656 812 Περὶ
693 748 794 812 τῆς
831 748 933 797 τοῦ
972 744 1238 812 βρέφους
1277 744 1628 829 ἐπιμελείας.

340 868 423 917 78.
478 860 533 915 Ὁ
578 862 712 930 περὶ
758 864 1197 930 παιδοτροφίας
1242 859 1415 930 λόγος
1462 862 1559 914 ἐστὶ
1606 862 1694 930 μὲν
1731 860 1917 926 πλατὺς

224 945 306 997 καὶ
335 942 629 1013 πολυμερής.
668 944 723 996 ἐν
754 941 884 1016 αὐτῷ
915 940 1009 1013 γὰρ
1034 940 1294 1006 ἐξετάζεται
1316 945 1424 995 τίνα
1446 948 1544 1002 τῶν
1566 944 1915 1012 γεννηθέντων

223 1023 346 1092 πρὸς
390 1021 682 1094 ἀνατροφήν
728 1025 856 1077 ἔστιν
909 1022 1159 1092 ἐπιτήδεια
1204 1025 1288 1077 καὶ
1332 1029 1438 1088 πῶς
1487 1022 1918 1093 ὅμφαλοτομητέον

180 1128 200 1162 5
224 1108 307 1159 καὶ
338 1106 715 1176 σπαργανωτέον
737 1107 821 1158 καὶ
843 1104 1183 1174 ἆποσμηκτέον
1205 1103 1257 1159 τὸ
1282 1103 1682 1174 ἀνατρεφόμενον
1703 1107 1784 1158 καὶ
1806 1108 1917 1159 τίνα

222 1187 404 1255 τρόπον
436 1188 638 1242 λουτέον
675 1189 758 1240 καὶ
796 1192 902 1251 πῶς
939 1187 1251 1240 κατακλιτέον
1288 1188 1371 1239 καὶ
1401 1185 1636 1255 ποδαπὴν
1667 1187 1916 1241 ἔκλεκτέον

222 1267 395 1336 τιτθὴν
433 1267 582 1323 ποῖόν
619 1289 667 1321 τε
705 1267 758 1322 τὸ
791 1267 990 1337 ἄριστον
1019 1264 1145 1338 γάλα
1175 1269 1258 1320 καὶ
1287 1271 1335 1321 τί
1360 1268 1601 1336 πρακτέον
1632 1266 1915 1331 ἐκλιπόντος

223 1348 376 1404 αὐτοῦ
415 1351 498 1403 καὶ
535 1348 651 1404 πότε
689 1351 773 1402 καὶ
809 1355 915 1413 πῶς
953 1347 1392 1419 ἆπογαλακτιστέον
1428 1347 1486 1402 τὰ
1517 1349 1680 1419 βρέφη
1718 1352 1835 1418 περί
1865 1370 1914 1402 τε

224 1429 635 1500 ὄδοντοφυήσεως
672 1431 755 1483 καὶ
792 1436 889 1484 τῶν
926 1429 1047 1484 κατὰ
1086 1429 1295 1500 χρόνους
1334 1428 1500 1495 αὐτοῖς
1530 1430 1918 1501 ἐπιγιγνομένων

161 1536 203 1568 10
227 1511 611 1580 συμπτωμάτων.
679 1515 761 1565 ἵνα
800 1512 854 1565 δὲ
894 1510 958 1580 μὴ
1001 1515 1396 1582 δυσπερίγραφος
1434 1509 1465 1580 ἡ
1504 1515 1804 1582 πραγματεία
1841 1513 1915 1582 γέ-

222 1614 388 1661 νηται,
437 1592 520 1646 διὰ
559 1591 816 1662 συντόμων
853 1590 944 1660 ὑφ’
988 1595 1043 1646 ἕν
1081 1591 1453 1662 παραδώσομεν.

372 1759 538 1808 XXVI
586 1761 718 1819 Πῶς
744 1758 1101 1825 ’γνωρίζεται
1138 1755 1198 1808 τὸ
1237 1753 1381 1823 πρὸς
1418 1753 1767 1824 ἀνατροφὴν

890 1842 1246 1911 ἐπιτήδειον.

339 1955 422 2002 79.
462 1945 531 2000 ‘H
554 1950 723 2001 τοίνυν
755 1954 874 2015 μαῖα
903 1945 955 2000 τό
987 1948 1172 2016 βρέφος
1203 1945 1542 2016 ἀποδεξαμένη
1573 1945 1809 2018 πρότερον
1846 1939 1919 2011 εἰς

158 2051 200 2084 15
225 2027 314 2096 τὴν
360 2035 457 2098 γῆν
503 2027 820 2084 ἆποτιθέσθω
877 2027 1352 2098 προεπιθεωρήσασα
1405 2027 1611 2097 πότερον
1659 2027 1808 2097 ἄρρεν
1859 2026 1914 2082 τὸ

223 2108 628 2178 ἆποκεκυημένον
666 2111 795 2162 ἐστὶν
831 2107 863 2178 ἢ
903 2116 1037 2179 θῆλυ
1077 2111 1160 2163 καὶ
1190 2108 1362 2174 καθὼς
1391 2111 1617 2180 γυναιξὶν
1646 2111 1765 2173 ἔθος
1795 2107 1915 2163 ἄπο-

221 2191 522 2259 σημαινέτω,
567 2193 860 2245 κατανοείτω
912 2191 967 2244 δὲ
1011 2192 1097 2244 καὶ
1142 2190 1380 2261 πρότερον
1418 2195 1462 2245 εἰ
1505 2195 1574 2256 εἰς
1619 2189 1912 2261 ἀνατροφήν

224 2274 350 2325 ἔστιν
397 2271 673 2340 ἐπιτήδειον
721 2269 753 2340 ἢ
802 2271 1046 2340 οὐδαμῶς.
1124 2271 1408 2341 κριθήσεται
1447 2273 1502 2326 δὲ
1539 2271 1591 2326 τὸ
1631 2272 1753 2341 πρὸς
1791 2271 1910 2325 ἆνα-

222 2351 415 2421 τροφὴν
462 2352 644 2421 εὐφυὲς
691 2354 745 2407 ἐκ
788 2359 876 2407 τοῦ
922 2353 1012 2422 τὴν
1057 2352 1414 2422 ἆποκυήσασαν
1459 2351 1684 2423 ὑγιεινῶς
1721 2355 1775 2407 ἐν
1811 2361 1916 2417 τοῖς

158 2456 201 2489 20
225 2439 310 2502 τῆς
355 2438 630 2503 κνοφορίας
675 2436 967 2504 βεβιωκέναι
1014 2435 1223 2505 χρόνοις.
1308 2438 1364 2488 αἱ
1405 2442 1652 2502 νοσηλεῖαι
1694 2433 1786 2505 γὰρ
1823 2441 1912 2488 τοῦ
1974 2499 1980 2503 .

343 2614 369 2654 5
402 2607 556 2665 τρόπω
592 2623 616 2654 0
648 2615 780 2666 (corr.
814 2608 875 2665 d).
1000 2615 1026 2654 6
1058 2606 1276 2666 ποταπὴν
1308 2623 1332 2655 c
1365 2612 1496 2681 (corr.
1522 2608 1592 2666 E).
1716 2613 1743 2653 8
1777 2603 1914 2654 ὄδον-
1963 2615 1965 2619 ⁴
2013 2596 2014 2610 ³

224 2666 508 2724 τοποιήσεως
540 2682 563 2713 0
597 2669 729 2724 (corr.
755 2667 827 2725 E).
952 2672 1005 2712 12
1038 2669 1111 2713 tit.
1145 2667 1267 2713 infra
1297 2671 1406 2726 posi:
1431 2664 1797 2739 αποσημαινέτω
1829 2668 1910 2712 ad-

226 2727 443 2772 scribitur
473 2727 522 2772 in
554 2731 779 2772 0.15
810 2729 1061 2801 προσεπιθ.
1098 2729 1230 2784 (corr.
1266 2727 1323 2784 E)
1354 2723 1584 2798 πρότερον
1616 2730 1748 2784 (corr.
1764 2726 1896 2797 D)c

287 2791 341 2831 17
374 2785 420 2831 εἰ
448 2786 507 2830 E:
539 2781 568 2842 ἦ
604 2800 639 2830 c.
776 2790 833 2831 20
866 2782 1074 2842 ἐνοσήλιε
1109 2785 1208 2843 (sio,
1241 2801 1355 2832 corr.
1387 2787 1447 2857 D)
1479 2803 1570 2844 γαρ
1601 2786 1682 2832 καὶ
1714 2783 1911 2844 μάλιστα

224 2847 306 2890 τοῦ
341 2843 550 2904 σώματος
581 2844 957 2891 συναδικουσέτω
990 2845 1090 2903 (sic)
1123 2843 1444 2903 καταγαστρός
1475 2861 1512 2891 e.
