2014 3162
757 118 1163 170 —201—

147 285 192 332 X
247 284 345 344 Τίς
385 278 631 349 ὂὲριστος
669 278 875 349 καιρὸς
915 284 1238 343 συνουσίας
1276 281 1421 349 πρὸς
1460 281 1772 350 σύλληψιν.

233 404 316 451 36.
356 397 600 466 Καθάπερ
640 399 719 450 ε’πὶ
757 403 855 450 τῶν
894 400 1079 461 ἔξωθεν
1111 398 1398 467 σπερμάτων
1432 398 1491 452 οὐ
1515 405 1611 461 πᾶς
1635 421 1803 468 καιρος

121 477 392 549 ἐπιτήδειος
437 478 561 548 πρὸς
606 477 658 532 τὸ
705 477 826 531 κατὰ
864 485 949 547 τῆς
994 484 1084 548 γῆς
1130 477 1252 532 αὐτὰ
1300 480 1547 548 βληθέντα
1585 479 1804 548 καρποὺς

121 565 351 633 ἐνεγκεῖν,
392 559 545 623 οὕτως
586 558 702 613 οὐδὲ
742 562 821 612 ε’πὶ
857 565 954 612 τῶν
994 558 1279 627 ἀνθρώπων
1320 557 1472 624 ὃπᾶς
1502 559 1670 629 καιρὸς
1701 562 1804 613 ἐπι-

119 642 310 711 τήδειος
358 641 481 711 πρὸς
521 640 766 709 σύλληψίν
805 643 902 694 ε’στι
939 641 1038 693 τῶν
1077 642 1131 693 ἐν
1167 649 1271 704 ταῖς
1310 645 1463 709 μίξεσι
1502 643 1804 710 μεθιεμένων
1827 663 1849 696 5

117 722 420 792 σπερμάτων.
505 721 569 775 ἵν’
630 717 721 776 οὖν
777 720 857 774 διὰ
903 728 988 788 τῆς
1033 720 1282 790 εὐκαιρίας
1327 729 1411 790 τῆς
1455 722 1670 791 χρήσεως
1707 729 1805 775 τῶν

113 804 422 873 ἀφροδισίων
466 803 519 858 τὸ
567 802 864 871 ζητούμενον
911 805 1055 871 ἔργον
1100 804 1386 874 ἐπιτευχθῇ,
1443 803 1682 872 χρήσιμον
1719 802 1805 857 τὸν

116 884 288 954 καιρὸν
327 890 494 939 εἰπεῖν.

224 966 419 1036 ἀριστος
468 961 560 1019 οὖν
607 969 874 1028 συνουσίας
920 963 1089 1032 καιρὸς
1138 963 1262 1033 πρὸς
1301 964 1546 1033 σύλληψιν
1586 963 1612 1019 ὁ
1650 986 1803 1018 παυο-

115 1048 265 1116 μένης
303 1069 351 1100 τε
388 1048 471 1100 καὶ
509 1044 918 1117 παρακμαζούσης
955 1051 1041 1113 τῆς
1079 1044 1394 1114 καθάρσεως,
1434 1045 1589 1115 ὁρμῆς
1630 1047 1683 1099 δὲ
1721 1048 1803 1099 καὶ
1827 1071 1870 1104 10

117 1127 319 1197 ὀρέξεως
357 1126 480 1197 πρὸς
520 1125 807 1195 συμπλοκὴν
842 1124 1175 1194 ὑπαρχούσης,
1213 1149 1295 1180 και
1326 1134 1412 1181 τοῦ
1445 1127 1664 1196 σώματος
1689 1127 1798 1195 μήτ’

120 1211 322 1273 ἐνδεοῦς
361 1208 501 1272 ὄντος
540 1207 649 1277 μήτ’
694 1207 821 1277 άγαν
859 1207 1078 1276 πλήρους
1116 1209 1198 1260 καὶ
1235 1209 1412 1276 βαρέος
1451 1210 1504 1260 ἐκ
1535 1209 1692 1276 μέθης
1722 1210 1804 1261 καὶ

118 1289 355 1358 ἀπεψίας,
394 1292 477 1343 καὶ
516 1287 542 1344 ὃ
582 1311 696 1358 μετα
728 1288 818 1357 τὴν
850 1287 1220 1357 ἀποθεραπείαν
1251 1296 1338 1343 τοῦ
1370 1288 1591 1357 σώματος
1623 1291 1805 1359 ε’μβρω-

119 1375 290 1440 ματίου
329 1373 611 1440 ληφθέντος
651 1369 817 1440 ὀλίγου
855 1372 938 1422 καὶ
971 1392 1093 1422 κατα
1123 1376 1226 1422 πᾶν
1258 1369 1517 1438 ευαρέστου
1548 1376 1635 1423 τοῦ
1659 1393 1804 1424 κατα-

115 1451 354 1520 στήματος
391 1451 710 1521 ὑπάρχοντος.
1827 1477 1869 1510 15

227 1534 511 1601 παυομένης
555 1539 640 1601 τῆς
685 1531 977 1601 καθάρσεως
1021 1533 1104 1584 καὶ
1142 1532 1566 1601 παρακμαζούσης.
1643 1530 1670 1586 ὃ
1717 1534 1804 1601 μὲν

48 1635 49 1638 ’
117 1612 210 1683 γὰρ
249 1612 344 1682 πρὸ
386 1621 472 1682 τῆς
510 1613 800 1682 καθάρσεως
839 1611 1190 1680 ἀνεπιτήδειος,
1230 1615 1542 1683 βαρουμένης
1579 1613 1681 1682 ἤδη
1719 1619 1804 1681 τῆς

121 1694 323 1764 ὑστέρας
360 1697 442 1747 καὶ
482 1697 786 1764 δυσαρέστως
825 1693 1031 1763 ἐχούσης
1063 1694 1145 1748 διὰ
1175 1694 1266 1763 τὴν
1298 1694 1543 1765 ἐπιφορὰν
1574 1701 1658 1763 τῆς
1684 1694 1805 1762 ὕλης

117 1778 197 1829 καὶ
239 1774 304 1844 μὴ
346 1775 626 1845 δυναμένης
665 1775 757 1830 δύο
796 1775 1011 1844 κινήσεις
1050 1778 1272 1840 ἐναντίας
1310 1775 1540 1845 ἀλλήλαις
1575 1778 1805 1845 ἐνεγκεῖν,

117 1856 206 1924 τὴν
246 1858 334 1925 μὲν
373 1861 440 1920 εἰς
478 1857 530 1911 τὸ
571 1859 790 1927 ε’κκρΐναι
826 1855 916 1924 τὴν
955 1857 1096 1925 ὕλην,
1135 1856 1225 1926 τὴν
1265 1858 1318 1910 δὲ
1350 1861 1418 1920 εἶς
1448 1855 1500 1910 τὸ
1531 1856 1802 1925 παραδέξα-
1827 1883 1870 1915 20

117 1945 253 1992 σθαι.
307 1937 535 2007 καθάπερ
573 1938 666 2008 γὰρ
706 1936 732 1992 ὃ
772 1937 1080 2006 βαρούμενος
1118 1936 1217 1992 ὑπό
1255 1962 1390 2006 τινης
1420 1937 1540 2006 ’ὕλης
1570 1937 1805 2006 στόμαχος

115 2022 182 2082 εἷς
221 2020 310 2087 μὲν
348 2018 400 2072 τὸ
441 2018 718 2088 ἀπορρῖψαι
755 2018 807 2072 vd
849 2024 1029 2088 θλῖβον
1068 2021 1352 2088 ἐπιτηδείως
1394 2022 1488 2089 ἔχει
1526 2017 1805 2087 παρυπτιεό-

117 2121 262 2169 μενος
309 2099 391 2153 διὰ
437 2099 529 2169 τὴν
573 2104 803 2167 ναυτίαν,
853 2099 976 2168 πρὸς
1017 2101 1070 2153 δὲ
1107 2099 1159 2153 τὸ
1199 2099 1574 2169 παραδέξασθαι
1612 2098 1804 2167 τροφὴν

113 2179 459 2250 ἀπέστραπται,
497 2180 619 2234 κατὰ
658 2180 748 2249 τὴν
787 2180 942 2250 αὐτὴν
982 2180 1218 2250 ἐπιβολὴν
1249 2183 1331 2234 καὶ
1360 2179 1393 2249 ἡ
1426 2180 1582 2250 μήτρα
1612 2180 1804 2250 πλήρης

115 2263 170 2315 ἐν
207 2268 272 2333 τῷ
311 2269 465 2335 καιρῷ
503 2269 588 2330 τῆς
626 2261 918 2331 καθάρσεως
954 2260 1245 2330 ὑπάρχουσα
1281 2260 1404 2331 πρὸς
1443 2263 1531 2329 μὲν
1560 2261 1651 2330 τὴν
1685 2261 1804 2315 ἀπο·
1828 2285 1871 2319 25

111 2341 320 2396 κένωσιν
358 2349 446 2396 τοῦ
487 2342 872 2411 συνερρυηκότος
922 2346 990 2406 εἰς
1029 2342 1184 2412 αὐτὴν
1224 2346 1425 2411 αἵματος
1463 2342 1663 2410 εὐφυῶς
1693 2346 1804 2412 ἔχει,

233 2477 258 2517 5
293 2469 409 2517 ἒστιτ
443 2469 521 2518 ἐπὶ
554 2488 590 2519 c.
694 2479 718 2518 6
750 2470 958 2546 χρήσεως
987 2474 1046 2517 E:
1080 2471 1319 2530 χαρήσεως
1350 2487 1386 2518 c.
1481 2478 1505 2517 7
1540 2469 1802 2531 ἔπιτευχθῇ

114 2531 175 2577 E2
205 2547 249 2589 p.
276 2537 354 2576 232
388 2529 623 2590 ἐπιταχθῆ
657 2546 694 2576 c
840 2537 866 2576 9
899 2549 987 2578 ουν
1021 2547 1108 2576 om
1144 2546 1181 2578 c.
1246 2535 1331 2577 cet.
1366 2531 1424 2577 cf.
1457 2547 1515 2590 ap
1521 2532 1689 2578 ‚Orib.
1721 2533 1801 2577 lat.

112 2590 190 2647 VI,
216 2596 490 2638 47.10
522 2592 603 2636 καὶ
635 2605 722 2635 om
758 2605 782 2634 c
816 2592 938 2647 (add.
973 2593 1045 2647 D).
1168 2589 1221 2636 δὲ
1256 2606 1345 2636 om.
1379 2606 1416 2636 c.
1541 2597 1596 2635 14
1627 2592 1710 2636 τοῦ
1742 2591 1802 2635 Ε·

113 2652 195 2694 καὶ
228 2664 266 2695 e.
390 2655 443 2695 19
477 2648 565 2695 δύο
598 2668 638 2696 κ.
671 2650 733 2694 D:
735 2649 1064 2742 νὃυσκινήσεις
1096 2664 1133 2696 c.
1279 2655 1336 2695 20
1370 2647 1580 2707 ἕγκρίναι
1613 2665 1637 2694 c
1670 2652 1802 2707 (corr.

113 2738 185 2794 E).
367 2744 422 2783 22
460 2720 759 2798 παρυπτίωμχ
787 2741 860 2797 (=
886 2741 1126 2798 τιωμενος)
1161 2753 1266 2783 cum
1298 2740 1405 2784 albo
1441 2743 1495 2796 12}
1527 2754 1612 2784 cm
1647 2753 1671 2782 c
1705 2734 1802 2793 (διὰ

115 2797 200 2853 τὴν
234 2797 384 2854 suppl.
418 2798 496 2868 E);
611 2803 669 2842 23
701 2815 832 2857 παρα
864 2813 952 2844 om.
989 2799 1055 2855 (in
1087 2799 1194 2843 albo
1226 2801 1386 2869 ᾆοῐη.)
1419 2812 1443 2842 c
1476 2798 1642 2854 (suppl.
1669 2795 1743 2852 D).

117 2860 175 2900 24
205 2855 384 2913 πλήρης
414 2859 498 2902 τοῦ
531 2858 700 2915 καιροῦ
732 2873 769 2903 c.
893 2863 949 2903 26
983 2873 1336 2915 συρερυηκοτως
1370 2856 1530 2913 (sio)o
