2014 3162
763 95 1164 148 —345—

118 232 312 295 μηρῶν,
359 225 519 295 ὥσπερ
559 227 882 295 έσημειῶσατο
922 233 1201 294 Διοκλῆς,
1247 226 1279 295 ἢ
1327 230 1410 280 καὶ
1455 235 1542 282 τοῦ
1585 226 1800 296 ε’μβρύου

117 308 513 375 διεφθαρμένου,
559 306 683 376 πρὸς
733 308 821 376 μὲν
864 307 955 375 τὴν
1001 310 1214 376 ἔκκρισιν
1262 307 1690 378 ἀποσυνεργοῦντα
1728 312 1807 361 δεῖ

116 387 302 457 πολλὴν
339 387 550 457 ἡσυχίαν
587 388 724 458 ἅγειν
762 391 843 441 καὶ
882 384 1178 457 άναρρόπως
1207 393 1508 442 κατακλίνειν
1538 391 1621 442 καὶ
1652 386 1802 458 σπόγ-

118 491 236 538 γους
289 467 743 537 ἆποτεθλιμμένους
796 471 849 522 ἐν
904 467 1154 539 ὅξυκράτῳ
1209 466 1516 538 περιβάλλειν
1577 472 1799 542 ε’φηβαίῳ

115 552 196 602 καὶ
237 549 402 617 ὂσφύι.
479 548 711 613 πολλάκις
746 549 840 619 γὰρ
879 549 1033 613 οὕτως
1072 551 1297 619 ἕκτρωσις
1336 550 1608 619 ἐκρατήθη,
1644 550 1802 604 τοιαύ-
1825 573 1846 606 5

118 654 204 699 της
275 634 543 700 ἐπιμελείας
610 630 733 700 πρὸς
794 635 1030 698 διαίρεσιν
1090 631 1376 699 πρόσφατον
1436 636 1802 700 συνταχθείσης.

117 714 436 782 ἐφθαρμένον
470 714 523 765 δὲ
554 718 640 766 τοῦ
671 711 792 764 κατὰ
823 711 1028 781 γαστρὸς
1060 711 1141 765 διὰ
1171 719 1269 765 τῶν
1299 712 1535 766 ἆνετικῶν
1573 731 1804 782 συνεργη-

115 795 225 847 τέον
277 801 334 864 τῇ
372 798 525 865 τελείᾳ
564 796 739 863 ἐκβολῇ
761 835 771 845 .
798 835 808 844 .
835 835 845 845 .
875 795 1206 862 ἐγκαθίσματα
1261 789 1353 848 οὖν
1403 792 1803 863 παραλαμβάνειν

115 874 206 943 χρὴ
246 874 303 927 τὰ
343 874 605 941 στύφοντα,
644 872 815 941 χλιαρὰ
855 876 1018 941 μέντοι
1054 881 1112 944 τῇ
1151 873 1275 947 ἁφῇ,
1313 877 1396 927 καὶ
1435 876 1804 943 ἕγχυματιστέον

113 954 206 1023 τὴν
243 953 449 1022 ὑστέραν
489 957 669 1024 ῥοδίνῳ
710 960 889 1025 χλιαρῷ
927 951 958 1021 ἢ
1000 959 1294 1025 ναρκισσίνῳ
1335 954 1366 1022 ἢ
1403 958 1616 1026 σουσίνῳ
1648 953 1679 1022 ἢ
1714 977 1801 1022 μη·
1827 976 1868 1008 10

117 1040 264 1106 λίνῳ,
318 1038 400 1088 καὶ
449 1043 550 1098 τοῖς
596 1033 786 1102 ὁμοίοις
834 1034 886 1088 τὸ
939 1034 1247 1104 ἐπιγάστριον
1296 1034 1546 1088 ἆλειπτέον
1594 1037 1676 1087 καὶ
1714 1034 1804 1103 τὴν

116 1116 298 1184 ὀσφύν.
373 1115 637 1186 γυμνάζειν
684 1116 738 1168 δὲ
777 1122 992 1184 συνεχῶς
1032 1115 1149 1169 ’ὅλον
1186 1115 1238 1169 τὸ
1280 1122 1418 1184 σῶμα
1455 1119 1652 1186 γυναικὶ
1691 1118 1804 1184 πρέ-

117 1216 266 1251 πουσι
303 1201 606 1267 γυμνασίοις.
681 1202 887 1264 τροφαῖς
927 1197 980 1248 δὲ
1019 1197 1251 1265 χρηστέον
1289 1192 1473 1266 ὀλίγαις
1513 1199 1618 1265 μέν,
1656 1196 1802 1265 κρεώ·

118 1282 221 1330 δεσι
246 1279 299 1330 δὲ
322 1280 403 1330 καὶ
426 1276 830 1345 ὑποστυφούσαις
855 1275 1028 1346 ἠρέμα,
1059 1279 1143 1329 καὶ
1174 1275 1314 1330 οἶνον
1346 1276 1526 1345 ὁμοίως
1557 1277 1804 1344 στύφοντα

117 1363 316 1428 μετρίως
371 1357 583 1426 σκληρὸν
637 1357 846 1411 διδόναι.
923 1357 1090 1427 ὀλίγον
1138 1359 1191 1410 δὲ
1238 1360 1356 1411 ἔστω
1395 1357 1448 1411 τὸ
1487 1364 1681 1426 πλῆθος
1717 1365 1803 1412 τοῦ
1828 1380 1870 1414 15

117 1441 404 1508 πινομένου,
445 1445 627 1507 μᾶλλον
665 1437 758 1508 γὰρ
806 1441 932 1504 δίψα
980 1440 1227 1506 ἐπιτηδεία
1271 1445 1336 1511 τῷ
1383 1438 1548 1491 πάθει.
1634 1460 1805 1506 παραι-

117 1528 308 1574 τεῖσθαι
365 1521 417 1572 δὲ
471 1519 528 1572 τὰ
570 1518 653 1572 διὰ
692 1518 927 1589 γάλακτος
965 1521 1046 1571 καὶ
1085 1525 1234 1588 τυροῦ
1274 1519 1600 1587 σκευαζόμενα
1645 1520 1806 1574 πάντα

118 1604 200 1655 καὶ
238 1607 404 1654 πᾶσαν
443 1601 691 1669 κάθαρσιν
730 1602 812 1652 καὶ
851 1604 1196 1653 κοιλιολυσίαν.

458 1752 577 1800 XIV
625 1750 772 1817 Περὶ
811 1747 1192 1816 παραλύσεως
1232 1747 1464 1816 μήτρας.

233 1873 317 1920 49.
373 1865 684 1934 Παραλύεται
722 1863 754 1934 ἡ
795 1865 952 1934 μήτρα
991 1863 1055 1918 δι’
1100 1865 1247 1929 ἄλλας
1287 1866 1375 1933 μὲν
1415 1869 1567 1929 αἰτίας
1606 1868 1688 1919 καὶ
1735 1866 1799 1919 δι’
1828 1888 1870 1920 20

121 1945 394 2014 ἐπάλληλον
432 1949 675 2015 ἕκτρωσιν.
751 1948 1015 2014 παρέπεται
1054 1947 1106 1998 δὲ
1145 1954 1249 2008 ταῖς
1286 1945 1587 2014 πασχούσαις
1626 1964 1803 2001 συνου-

122 2032 228 2091 σίας
267 2026 572 2095 ἆποστροφή,
611 2023 885 2094 κατάψυξις
923 2033 1009 2081 τοῦ
1050 2031 1250 2095 στομίου
1288 2034 1372 2095 τῆς
1412 2026 1594 2095 μήτρας
1631 2030 1714 2081 καὶ
1750 2028 1804 2082 τὸ

120 2107 466 2176 ἆτροφῶτατον
504 2106 622 2160 αὐτὸ
654 2109 737 2159 καὶ
767 2106 1115 2176 λαπαρῶτατον
1145 2110 1227 2160 καὶ
1260 2109 1410 2160 οἱονεὶ
1441 2110 1806 2175 ρακωδέστατον

120 2187 356 2258 ὑπάρχειν
394 2190 474 2240 καὶ
514 2194 758 2256 χαλᾶσθαι
788 2187 872 2241 τὸν
902 2187 1141 2257 τράχηλον
1171 2190 1249 2241 καὶ
1283 2187 1615 2256 ἀναισθητεῖν.
1677 2197 1813 2243 ποιεῖ

123 2271 176 2323 δὲ
213 2276 354 2323 τοῦτο
394 2271 476 2321 καὶ
515 2267 916 2336 παρεμποὸισμὸν
947 2269 1070 2338 πρὸς
1101 2264 1215 2332 τοὺς
1245 2268 1540 2337 περιπάτους
1573 2268 1638 2333 ὥς
1668 2269 1804 2324 ἆλλο-
1829 2292 1871 2325 25

241 2419 267 2458 8
300 2414 398 2459 sine
429 2415 587 2460 1ac.c.
710 2420 736 2459 9
768 2412 854 2471 χρή
886 2417 1012 2459 Aeta
1047 2428 1135 2460 om.
1172 2429 1206 2458 e.
1332 2420 1383 2458 11
1417 2409 1554 2470 ὗπογ.
1589 2428 1626 2459 ο.
1751 2420 1806 2459 14

123 2471 343 2530 σκληρὸνε
376 2470 550 2529 κηρρὸν
583 2487 606 2518 c
641 2473 819 2531 (κιρρὸν
850 2476 988 2531 Aet).
1122 2478 1174 2517 15
1207 2474 1380 2544 μᾶλλον
1413 2471 1466 2518 δὲ
1498 2475 1656 2543 τρίψει
1689 2487 1727 2528 c,
1760 2491 1804 2531 μ.

121 2531 176 2577 δὲ
202 2533 279 2589 (al.
306 2529 413 2602 γὰρ)
439 2534 559 2589 δίψα
583 2534 686 2576 Aet.
779 2538 836 2577 20
859 2529 1151 2589 παραλύεται
1176 2530 1326 2603 μήτρα
1352 2546 1376 2575 c
1401 2531 1471 2589 (δὲ
1497 2528 1527 2588 ἡ
1552 2549 1595 2588 μ.
1622 2532 1759 2589 Aet).

122 2596 178 2634 22
211 2588 475 2662 κατάφυξις
504 2591 608 2636 Aet.
642 2595 762 2646 (cum
790 2594 963 2648 frvyore
992 2592 1116 2665 lata)
1150 2589 1434 2644 κατάπτυξις
1467 2591 1568 2648 (sic)
1604 2606 1638 2636 c.
1749 2595 1805 2634 24

121 2652 231 2707 post
257 2646 573 2721 αναισθητεῖν
593 2665 689 2707 seq.
712 2651 762 2695 in
787 2666 832 2696 c.
863 2651 946 2695 καὶ
969 2649 1081 2695 ποτὲ
1109 2649 1195 2721 μὲν
1221 2647 1366 2707 ε’ποχὴ
1392 2651 1485 2694 τῶν
1506 2667 1548 2694 κ.
1562 2666 1611 2718 γ.
1636 2652 1804 2694 τελεία.

124 2715 257 2753 ποιεῖ
283 2707 335 2753 δε
368 2706 506 2754 τοῦτό
539 2726 650 2754 ποτε
693 2710 775 2754 καὶ
813 2708 1013 2761 ἄτακτος
1051 2705 1296 2763 ἀπόκρισις
1333 2710 1414 2754 καὶ
1452 2705 1808 2764 παραποδισμὸς

124 2764 1230 2884 {2³2⁰2553&sszss‘zzsszzzffssdffizgfz’a'aiff
1246 2767 1804 2872 „ffsssss‘ssrffissffimetff
