2014 3162
886 113 1286 165 -188—

283 279 329 325 V
379 278 524 327 Τίνα
563 282 775 342 σημεῖα
813 273 1136 342 μελλούσης
1173 277 1491 342 γίγνεσθαι
1529 272 1895 341 καθάρσεως.

360 399 443 445 24.
519 394 821 447 Μέλλουσαν
867 394 921 445 δὲ
965 396 1223 461 γίγνεσθαι
1260 391 1508 460 κάθαρσιν
1547 393 1839 460 σημειωτέον
1878 393 1932 444 ἐκ

244 479 331 526 τοῦ
369 473 488 526 κατὰ
527 472 618 540 τὴν
654 478 963 543 προθεσμίαν
993 478 1080 525 τοῦ
1111 470 1370 539 συνήθους
1399 477 1574 539 καιροῦ
1606 475 1930 540 δυσκινησίαν

244 561 643 621 παρακολουθεῖν
689 556 772 607 καὶ
817 554 971 623 βάρος
1018 550 1234 621 ὀσφύος,
1288 551 1396 605 ἐσθ’
1440 552 1516 605 ’ὅτε
1565 553 1618 605 δὲ
1657 554 1738 605 καὶ
1774 551 1934 606 πόνον

201 657 221 689 5
243 637 326 687 καὶ
365 635 653 705 νωθρότητα
691 633 885 704 χάσμην
922 657 971 688 τε
1010 640 1190 703 συνεχῆ
1229 636 1310 687 καὶ
1348 633 1522 687 κώλων
1559 635 1775 699 ἔκτασιν,
1813 634 1930 686 ποτὲ

246 716 300 767 δὲ
338 718 420 768 καὶ
459 716 627 784 μήλων
665 719 874 786 ἔρευθος
910 716 1021 784 ἤτοι
1060 717 1208 784 μένον
1245 713 1277 784 ἢ
1319 714 1719 783 διαφορούμενον
1756 717 1839 768 καὶ
1877 717 1931 768 ἐκ

245 796 564 866 διαστήματος
602 797 751 851 πάλιν
789 800 1060 852 ἐπανθοῦν.
1112 796 1188 851 ἐπ’
1218 799 1364 850 ἐνίων
1403 797 1457 849 δὲ
1495 797 1578 848 καὶ
1616 798 1670 849 ἐκ
1699 801 1786 850 τοῦ
1818 819 1934 849 ναυ-

243 877 395 946 τιώδη
441 877 526 932 τὸν
572 878 813 948 στόμαχον
859 877 985 932 εἶναι
1030 881 1114 932 καὶ
1159 877 1439 946 ἀνόρεκτον.
1515 876 1605 945 τὴν
1645 878 1697 930 δὲ
1735 878 1932 946 πρῶτον

244 963 579 1030 γενησομένην
625 960 872 1030 καθάρσιν
917 963 999 1014 καὶ
1044 963 1098 1013 ἐκ
1142 959 1327 1014 τούτων
1375 961 1504 1027 μέν,.
1541 955 1748 1027 μάλιστα
1787 959 1842 1012 δὲ
1880 960 1934 1012 ἐκ

181 1062 221 1093 1ο
245 1048 331 1110 τῆς
371 1040 438 1106 ὦς
477 1045 530 1095 ἐν
570 1042 735 1095 πλάτει
774 1044 885 1111 περὶ
914 1042 967 1096 τὸ
998 1042 1513 1111 τεσσαρεσκαιδέκατον
1545 1042 1649 1103 ἔτος
1680 1039 1932 1107 ἐκφύσεως

245 1128 342 1174 τῶν
382 1130 576 1190 μαστῶν
613 1125 696 1176 καὶ
735 1125 787 1176 ἐκ
825 1129 912 1176 τοῦ
950 1125 1063 1189 περὶ
1099 1121 1151 1177 τὸ
1191 1117 1340 1191 ἦτρον
1377 1121 1565 1191 βάρους
1596 1122 1678 1174 καὶ
1708 1126 1931 1189 κνησμοῦ

245 1201 482 1270 ἡβήσεως.
571 1209 831 1274 συμβαίνει
881 1204 934 1256 δὲ
984 1203 1070 1267 τὰς
1119 1210 1176 1274 τῇ
1227 1207 1467 1274 συνουσίᾳ
1518 1204 1936 1271 προσβιαζομένας

244 1289 386 1337 τοῦτο
425 1284 643 1353 πάσχειν.

360 1371 444 1418 25.
521 1372 606 1434 τῆς
654 1367 707 1419 δὲ
747 1368 1016 1434 ἐπιμελείας
1055 1365 1198 1434 χάριν
1237 1364 1331 1433 πρὸ
1372 1366 1461 1434 μὲν
1497 1371 1584 1419 τοῦ
1623 1367 1935 1434 ἐκκρίνεσθαι

180 1466 222 1498 15
246 1446 298 1500 τὸ
332 1450 551 1516 ἔμμηνον
581 1453 849 1515 πειρᾶσθαι
881 1451 962 1500 δεῖ
986 1454 1239 1516 συνεργεῖν
1269 1445 1367 1500 ἀπὸ
1399 1453 1484 1515 τῆς
1522 1446 1934 1515 τρισκαιδεκέτους

244 1527 433 1596 ἡλικίας
473 1528 606 1593 ὅπως
639 1528 705 1581 δι’
728 1530 904 1582 ἑαυτοῦ
935 1529 1018 1581 καὶ
1047 1527 1142 1597 πρὸ
1176 1528 1530 1597 διακορεύσεως
1561 1530 1755 1599 ἐνεχθῇ.
1813 1527 1937 1597 πρὸς

246 1608 339 1679 γὰρ
377 1608 468 1677 τὴν
507 1614 776 1664 συνουσίαν
813 1616 899 1677 τῆς
936 1609 1058 1677 ῦλης
1098 1611 1176 1662 ἐπὶ
1208 1607 1265 1662 τὰ
1297 1612 1417 1679 μέρη
1450 1611 1725 1678 φερομένης
1757 1607 1825 1673 ὥς
1855 1611 1936 1663 ἐπὶ

246 1689 468 1759 ἀρρένων
499 1690 654 1754 οὕτως
685 1693 768 1743 καὶ
798 1692 879 1743 ἐπὶ
909 1697 1143 1758 θηλειῶν,
1176 1690 1334 1758 φόβος
1366 1690 1434 1758 μή
1464 1712 1570 1753 πως
1599 1697 1656 1762 m?
1681 1690 1935 1760 ἀποκρίσει

244 1774 749 1840 καθυπηρετουμένου
787 1778 875 1826 τοῦ
914 1771 1041 1844 ζῴου
1075 1770 1294 1834 διάτασις
1325 1772 1522 1840 γένηται
1551 1773 1633 1824 καὶ
1665 1771 1932 1842 φλεγμονή.

181 1871 224 1903 20
249 1853 327 1908 διὸ
373 1860 532 1926 πρᾷος
578 1855 667 1922 μὲν
713 1852 740 1907 ὁ
778 1857 1039 1922 περίπατος
1078 1855 1196 1905 ἔστω
1235 1853 1318 1904 καὶ
1356 1850 1560 1920 ὁμαλός,
1599 1851 1842 1922 ἐπιμήκης
1881 1854 1936 1906 δὲ

244 1933 276 2002 ἡ
318 1934 475 2003 αἰώρα
512 1937 594 1988 καὶ
633 1933 863 2003 ἀνειμένα
901 1932 958 1987 τὰ
996 1932 1244 2003 γυμνάσια
1283 1935 1364 2003 καὶ
1396 1932 1511 2001 μετὰ
1543 1940 1726 1988 πολλοῦ
1756 1938 1932 1998 λίπους

245 2015 618 2085 ἀναβεβλημένη
666 2014 697 2084 ἡ
749 2024 914 2083 τρῖψις
963 2017 1047 2068 καὶ
1095 2014 1214 2068 καθ’
1259 2012 1446 2083 ἡμέραν
1495 2014 1548 2069 τὸ
1597 2014 1805 2083 λουτρὸν
1853 2016 1937 2068 καὶ

245 2104 380 2150 πᾶσα
418 2104 585 2166 ψυχῆς
625 2097 861 2166 διάχυσις.
923 2100 1255 2160 συνεξανίεται
1291 2095 1385 2167 γὰρ
1424 2095 1546 2168 αὐτῇ
1584 2095 1636 2150 τὸ
1678 2103 1815 2164 σῶμα
1853 2099 1934 2149 καὶ

246 2177 703 2246 ἆπαρεμποδίστους
751 2179 889 2245 φέρει
925 2176 1009 2240 τὰς
1047 2176 1350 2246 ἀποκρίσεις,
1404 2179 1549 2246 χωρὶς
1588 2181 1631 2231 εἰ
1668 2177 1733 2246 μή
1774 2184 1935 2241 κακῶς

180 2275 222 2307 25
246 2283 315 2322 τις
362 2258 551 2329 ἠγμένη
597 2263 708 2311 λίαν
754 2261 882 2312 ἐστὶν
922 2258 1212 2327 εὔθρυπτος.
1289 2258 1391 2312 τότε
1430 2257 1522 2329 γὰρ
1562 2260 1820 2312 ἐπιτονοῦν
1861 2262 1942 2312 δεῖ

245 2339 297 2393 τὸ
345 2347 482 2408 σῶμα
532 2338 597 2404 ὦς
643 2339 709 2408 μὴ
757 2339 1115 2393 συνεκλύεσθαι
1160 2347 1261 2404 τοῖς
1307 2339 1439 2402 ὅλοις
1484 2341 1566 2392 καὶ
1603 2338 1693 2407 τὴν
1730 2337 1934 2408 ὑστέραν

247 2423 330 2473 καὶ
370 2420 451 2473 διὰ
491 2428 631 2475 τοῦτο
670 2423 781 2490 περὶ
818 2419 909 2489 τὴν
948 2424 1132 2474 οἰκείαν
1172 2423 1418 2491 ἐνέργειαν
1456 2419 1662 2474 ἆτονεῖν.

369 2563 395 2602 8
426 2555 665 2615 πρώτερον
698 2558 1074 2615 (810)(510
1108 2555 1351 2614 ἐκφύσεως
1381 2559 1440 2602 Ε.
1474 2554 1661 2613 φύσεως
1692 2572 1729 2602 c.
1876 2562 1929 2601 11

249 2614 423 2675 βάρους
466 2617 674 2672 κνησμοῦ
721 2616 802 2660 καὶ
844 2613 1055 2673 ἡβήσεως
1100 2617 1182 2674 (sic
1224 2618 1321 2661 sine
1353 2618 1422 2672 τε)
1467 2630 1491 2660 ο
1535 2616 1635 2672 (ubi
1679 2618 1936 2674 sequuntur

249 2688 367 2732 quae
399 2690 455 2719 ex
486 2674 799 2732 superioribus
831 2676 921 2719 huc
952 2675 1123 2730 delata,
1156 2677 1213 2720 ef.
1238 2676 1273 2731 Ι,
1291 2678 1379 2732 21).
1486 2681 1540 2719 12
1573 2676 1654 2746 τῆς
1686 2677 1934 2725 συνουσίας

247 2749 271 2778 c
303 2739 436 2788 (corr.
468 2735 539 2806 Ε).
663 2739 717 2778 15
749 2731 1164 2805 τρισκαιδεκάτους
1196 2711 1295 2791 (εἰό)
1329 2750 1366 2782 c.
1491 2738 1546 2777 18
1580 2751 1728 2785 ουτως
1759 2733 1919 2807 (sic)c

308 2799 361 2837 21
397 2791 547 2849 αἰώρα
581 2793 638 2837 E:
680 2810 778 2849 ωρα
812 2807 849 2837 c.
972 2797 1029 2837 24
1062 2788 1474 2866 άπαραποδίστους
1507 2807 1543 2837 c.
1666 2798 1722 2837 26
1755 2789 1817 2844 ὥς
1847 2789 1932 2849 μή·

246 2853 328 2896 καὶ
362 2854 710 2909 (συνεκλιέσθαι
744 2852 825 2907 sie)
861 2866 897 2897 ο.
1023 2857 1077 2897 27
1113 2849 1285 2908 ἆτονει,
1318 2850 1556 2909 πρώτερον
1590 2852 1734 2908 (sio).
1835 2865 1871 2895 c.
