2014 3162
744 102 1144 155 —331—

102 235 391 305 γιγνομένη,
446 235 562 288 ποτὲ
609 235 662 288 δὲ
708 236 791 288 καὶ
835 232 1038 289 τοπικὸν
1082 235 1221 298 ἕλκος
1267 236 1347 288 ἐπὶ
1384 234 1511 290 πολὺ
1550 234 1790 304 ὑπερσαρ-

106 322 286 369 κῶσαν.
364 313 642 384 ὠνόμασται
682 317 736 370 δὲ
775 315 925 384 μύλος
962 312 1063 368 άπὸ
1101 321 1186 384 τῆς
1226 319 1545 384 δυσκινησίας
1582 318 1664 370 καὶ
1702 324 1789 372 τοῦ

107 392 308 464 βάρους.
384 400 596 466 γύγνεται
635 398 688 451 δὲ
726 397 844 451 ποτὲ
882 397 972 464 μὲν
1009 391 1132 449 κατά
1170 419 1214 449 τι
1253 397 1398 465 μέρος
1435 397 1642 466 μήτρας,
1682 396 1790 453 οἷον

102 475 259 545 στόμα
294 480 379 531 καὶ
415 478 657 548 τράχηλον
690 479 756 543 ὥς
786 501 839 549 γε
872 476 1127 542 δακτύλοις
1155 479 1470 546 καθιεμένοις
1499 476 1790 533 ὑποπίπτειν

105 557 195 613 τὸν
239 558 391 629 ὄγκον
434 562 518 613 καὶ
553 560 684 614 κάτω
723 559 776 614 τὸ
814 566 917 613 πᾶν
955 557 1080 612 εἶναι
1118 559 1295 628 βάρος,
1349 557 1416 623 ὥς
1453 560 1534 612 ἐπὶ
1570 558 1623 614 τὸ
1661 558 1788 613 πολὺ
1813 581 1833 614 5

106 640 162 693 δὲ
210 638 329 693 καθ’
373 639 496 709 ὅλην
544 640 636 710 τὴν
686 640 899 710 μήτραν,
955 638 1100 694 ὁπότε
1137 648 1513 708 παρακολουθεῖ
1542 639 1788 709 πρόδηλος

103 720 252 791 ὄγκος
296 722 407 789 περὶ
452 719 506 775 τὸ
555 720 864 791 ἐπιγάστριον
902 719 1098 790 ἀπηνὴς
1136 720 1356 790 λιθώδης
1394 720 1510 789 μετὰ
1548 738 1790 775 κατασπα-

102 809 232 872 σμοῦ
269 810 368 857 τῶν
404 801 767 871 ὑπερκειμένων
803 801 1147 871 ὑποχονδρίων
1176 804 1260 855 καὶ
1288 802 1562 871 ίσχνῶσεως
1592 801 1791 871 ἆχροίας

99 905 150 938 τε
186 886 269 938 καὶ
306 883 575 953 ἆνορεξίας.

214 972 283 1020 37
288 1009 298 1019 .
376 969 588 1035 γίγνεται
638 965 692 1018 δὲ
740 963 792 1020 τὸ
843 971 1038 1034 πρῶτον
1083 968 1330 1031 φαντασία
1374 987 1446 1028 τις
1484 964 1788 1033 συλλήψεως,
1814 987 1855 1019 10

100 1047 411 1115 ἐπεχομένων
449 1046 538 1114 μὲν
575 1053 673 1100 τῶν
710 1049 1041 1115 καταμηνίων,
1081 1047 1448 1116 διογκουμένων
1486 1047 1541 1099 δὲ
1570 1052 1668 1099 τῶν
1699 1070 1790 1114 μα-

102 1132 247 1194 στῶν,
300 1125 696 1196 ἆνατρεπομένου
748 1128 803 1181 δὲ
853 1133 940 1182 τοῦ
987 1126 1254 1196 στομάχου,
1309 1128 1393 1180 καὶ
1446 1129 1790 1196 βαρυνομένης

100 1209 193 1276 μὲν
230 1214 315 1276 τῆς
352 1206 560 1276 ὀσφύος,
600 1210 958 1279 διογκουμένου
997 1210 1051 1262 δὲ
1088 1209 1175 1263 τοῦ
1215 1210 1541 1277 ἐπικγαστρίου.
1604 1212 1788 1276 διακρί-

103 1310 238 1342 νεται
283 1289 339 1343 δὲ
382 1295 471 1343 τοῦ
516 1288 698 1363 χρόνου
735 1289 1100 1359 προκόπτοντος
1136 1295 1201 1363 τῷ
1239 1289 1533 1359 νυγματώδη
1571 1311 1790 1359 παρακο·

101 1377 308 1424 λουθεῖν
357 1368 632 1440 ἀλγήματα,
686 1374 928 1439 μηδεμίαν
979 1371 1034 1424 δὲ
1083 1374 1340 1441 γίγνεσθαι
1385 1374 1581 1438 κίνησιν
1628 1370 1787 1439 ὥσπερ
1813 1391 1856 1424 15

102 1453 183 1505 ἐπὶ
231 1457 330 1504 τῶν
380 1458 624 1505 κυουσῶν.
700 1450 904 1521 ὕστερον
955 1453 1010 1504 δὲ
1059 1453 1424 1521 καταλυομένου
1473 1458 1561 1506 τοῦ
1607 1451 1790 1516 παντὸς

102 1532 341 1601 σώματος,
381 1533 780 1602 μεγεθυνομένης
819 1533 874 1586 δὲ
911 1539 996 1602 τῆς
1035 1532 1290 1604 ὅγκώσεως
1320 1535 1529 1602 ἔμφασις
1558 1531 1791 1601 ὕδρωπος

101 1612 414 1668 ἀποτελεῖται.
493 1617 791 1683 διακρίνεται
830 1614 883 1667 δὲ
920 1616 1005 1667 καὶ
1041 1621 1129 1669 τοῦ
1169 1613 1399 1683 ὕδρωπος
1436 1620 1501 1687 τῷ
1541 1612 1661 1667 κατὰ
1699 1613 1790 1682 τὴν

101 1701 188 1763 τῆς
225 1693 384 1764 χειρὸς
422 1696 647 1748 ἐπίθεσιν
685 1696 926 1763 μηδέποτε
963 1699 1112 1749 εἴκειν
1149 1694 1235 1749 τὸν
1273 1695 1423 1765 ὄγκον
1453 1696 1577 1763 μηδὲ
1606 1699 1790 1750 κοιλαί-

102 1784 282 1830 νεσθαι
335 1777 459 1845 μηδὲ
503 1771 628 1845 ἦχον
672 1775 974 1845 τυμπανιόδη
1021 1775 1053 1845 ἢ
1093 1775 1324 1831 κλύδωνα
1367 1780 1624 1846 γίγνεσθαι
1668 1775 1789 1829 κατὰ
1814 1797 1856 1828 20

99 1856 188 1911 τὸν
224 1864 310 1926 τῆς
348 1855 507 1927 χειρὸς
543 1856 806 1927 ῥαπισμόν,
847 1857 1007 1926 ὥσπερ
1045 1859 1122 1911 ἐπὶ
1162 1864 1250 1912 τοῦ
1281 1857 1528 1924 ὕδρωπος.
1575 1855 1684 1910 ἔσθ’
1714 1856 1791 1911 ὅτε

104 1938 159 1990 δὲ
203 1937 463 2005 προιόντος
507 1943 594 1992 τοῦ
639 1937 821 2006 χρόνον
867 1940 951 1991 καὶ
998 1941 1409 2008 καταψυχομένου
1462 1943 1550 1992 τοῦ
1602 1937 1791 2007 ἥπατος

102 2021 185 2072 καὶ
222 2018 404 2087 ὕδρωψ
442 2021 748 2088 ἐπιγίγνεται.
802 2019 962 2083 τινὲς
1001 2020 1056 2072 δὲ
1093 2022 1371 2088 ἱστοροῦσιν
1409 2018 1485 2074 ἐπ’
1522 2022 1670 2074 ἐνίων
1708 2021 1790 2071 καὶ

105 2098 286 2169 σαρκὸς
330 2101 539 2167 ἔκφυσιν
577 2103 834 2169 γίγνεσθαι
872 2101 1230 2168 συνισταμένην
1269 2097 1382 2154 ὦσεὶ
1419 2099 1610 2169 καρύου
1649 2101 1788 2169 μέγε-

101 2188 199 2244 θος
238 2178 321 2233 διὰ
359 2186 446 2234 τοῦ
484 2185 769 2250 γυναικείου
808 2185 1020 2249 αἰδοίου,
1058 2180 1138 2244 αἷς
1175 2181 1264 2249 μὲν
1302 2180 1425 2234 κατὰ
1463 2187 1596 2250 μῆνα
1627 2179 1705 2244 αἷς
1737 2181 1791 2234 δὲ
1814 2201 1857 2234 25

105 2261 190 2316 διὰ
229 2261 322 2316 δύο
361 2260 392 2331 ἢ
433 2268 579 2331 τριῶν
618 2268 801 2331 μηνῶν.

217 2351 301 2399 38.
377 2343 468 2414 τὴν
515 2345 570 2398 δὲ
615 2344 974 2414 προειρημένην
1020 2342 1248 2397 διάθεσιν
1295 2347 1347 2397 ot
1380 2343 1469 2412 μὲν
1509 2340 1574 2407 ὦς
1612 2341 1791 2410 ἀθερά-

100 2488 309 2548 νομένην
341 2504 366 2535 c
397 2493 531 2546 (corr.
563 2490 633 2542 E).
764 2495 789 2534 3
823 2490 1002 2545 γίνεται
1028 2516 1082 2522 -
1109 2491 1171 2546 (6)
1204 2484 1383 2545 μήτραν
1415 2502 1505 2533 om.
1536 2486 1641 2534 Aet.
1763 2493 1792 2533 4

103 2546 332 2606 τράχηλος
363 2563 387 2594 c
427 2551 560 2607 (corr.
592 2548 662 2606 E).
806 2545 858 2599 ὅς
890 2565 940 2605 γε
974 2562 998 2593 c
1031 2543 1168 2606 (ὥστε
1201 2548 1293 2604 E2).
1417 2553 1442 2593 7
1475 2542 1790 2603 ὑπογάστριον

104 2622 131 2653 c
161 2607 263 2665 (sed
291 2607 415 2653 infra
448 2613 501 2654 13
536 2604 672 2664 ἐπιγ.,
703 2608 785 2653 ubi
815 2604 951 2665 ὑπογ.
984 2608 1121 2664 Aen).
1270 2611 1324 2651 10
1355 2623 1444 2658 τιςι
1476 2607 1558 2662 τῆς
1590 2621 1614 2652 c
1647 2606 1788 2663 (quod

104 2680 196 2712 om.
227 2666 365 2724 Aen).
490 2672 544 2713 16
577 2666 631 2713 δὲ
664 2666 725 2712 D:
759 2681 848 2712 om.
884 2681 908 2711 c
940 2667 1025 2722 (sic
1049 2671 1097 2712 et
1121 2665 1303 2712 Aetius:
1335 2666 1564 2711 κυουσῶν.
1597 2660 1791 2720 ὕστερον

103 2724 460 2784 καταλυομένου
500 2721 612 2772 ὅλου
650 2726 735 2771 τοῦ
767 2724 971 2784 σώμασις
996 2762 1006 2773 .
1026 2763 1035 2772 .
1057 2728 1105 2783 .).
1140 2726 1228 2771 cet.
1263 2725 1320 2769 cf.
1352 2725 1434 2770 lat.
1619 2728 1671 2769 18
1703 2720 1791 2780 τὴν

105 2786 232 2842 (anhe
263 2786 364 2843 τῆς)
396 2799 486 2831 om.
519 2799 556 2830 c.
650 2790 708 2830 24
740 2783 961 2842 ἕκφυσινε
997 2784 1198 2842 ἕκφασιν
1230 2785 1330 2842 (sio)
1364 2799 1389 2830 0
1419 2782 1644 2841 (ἔκκρισιν
1667 2784 1786 2837 Aet„

105 2844 229 2889 unde
262 2844 334 2901 D).
457 2843 794 2902 συνισταμένης
826 2859 862 2891 ο.
