2014 3162
851 157 1171 208 -6-

175 308 290 342 sens
330 300 380 342 et
419 293 722 357 memoriam,
762 292 998 358 studiosa,
1037 290 1234 356 munda,
1266 291 1317 338 in
1358 291 1590 339 universo
1622 292 1717 339 iam
1751 305 1859 339 cor—

173 381 292 432 pore
332 368 539 432 integra,
579 366 722 415 fortis
763 373 812 415 et
849 363 1130 428 laboriosa.]

85 444 148 500 (2)
287 438 334 490 4.
377 440 506 499 Quid
549 448 627 490 est
665 435 941 490 obstetrix?

285 515 466 563 femina
499 515 718 563 omnium
750 512 1066 562 muliebrium
1099 526 1360 562 causarum
1385 511 1542 579 docta,
1581 513 1727 562 etiam
1758 526 1859 561 me·

127 607 148 640 5
173 587 369 637 dicinali
408 589 758 637 exercitatione
798 588 969 651 perita.

285 659 335 712 5.
377 660 536 724 [Quae
579 668 653 710 est
692 660 866 709 melior
906 656 1183 709 obstetrix?

285 750 410 802 quae
451 738 716 784 exercitata
748 741 822 783 est
861 733 1235 783 medicinalibus
1275 733 1551 783 actionibus
1599 748 1713 783 cum
1744 748 1860 798 pru·

175 809 339 858 dentia
370 810 639 859 iustissima
673 816 722 858 et
761 823 1022 857 commune
1064 814 1114 857 et
1153 807 1286 872 quod
1325 814 1472 873 urget
1509 807 1774 872 providens
1811 813 1861 856 et

174 882 353 932 horum
392 882 693 947 diligentiam
733 883 1053 947 coniungenS‚
1095 896 1220 946 quae
1445 895 1566 946 pore
1607 879 1860 930 adunatim

109 976 152 1008 ιο
176 958 334 1022 possit
405 963 455 1006 et
523 972 613 1021 per
681 962 847 1022 partes
909 955 1127 1004 dividere
1191 962 1240 1004 et
1304 953 1576 1017 accidentia
1636 955 1861 1020 mitigare

171 1037 377 1095 propter
407 1031 769 1080 insecutionem
804 1044 996 1095 causae,
1029 1044 1127 1078 non
1166 1028 1402 1078 iracunda
1434 1044 1527 1078 nec
1560 1027 1866 1094 turbulenta,-

174 1106 493 1169 compatienS,
526 1104 693 1171 solida,
725 1104 918 1170 pudica,
943 1111 1130 1170 arguta,
1162 1104 1342 1172 quieta,
1368 1102 1603 1170 prudens,
1628 1103 1861 1168 animosa,

176 1193 269 1227 nec
308 1177 490 1241 avara]

83 1254 147 1311 (3)
213 1247 221 1255 '
286 1249 334 1301 6.
373 1251 548 1301 Matrix
590 1260 710 1316 quot
749 1251 1032 1301 nominibus
1072 1247 1311 1300 vocatur?

107 1344 149 1377 15
284 1325 625 1391 principaliter
665 1327 796 1376 enim
836 1324 998 1375 tribus
1037 1324 1320 1375 nominibus
1353 1324 1483 1374 dicta
1515 1328 1606 1390 est,
1644 1325 1870 1390 primuml

173 1398 372 1463 quidem
425 1399 485 1448 ab
533 1414 591 1448 eo
645 1399 777 1464 quod
829 1399 1063 1449 mulieres
1115 1405 1261 1465 partu
1309 1413 1398 1448 suo
1452 1404 1637 1448 matres
1693 1397 1860 1448 efficit.

169 1488 346 1538 graece
385 1475 530 1522 etiam
562 1479 727 1538 ystera
762 1473 1035 1539 appellatur
1066 1474 1161 1523 hoc
1194 1478 1270 1522 est
1301 1474 1580 1538 novissima,
1617 1473 1861 1537 siquidem

170 1553 226 1596 ut
281 1549 545 1596 novissima
600 1547 829 1596 omnibus
876 1549 1126 1597 intestinis
1181 1549 1338 1596 iaceat
1391 1553 1476 1596 aut
1530 1546 1663 1611 quod
1718 1547 1860 1596 annis

171 1620 573 1685 quattuordecim
626 1636 775 1670 vacua
816 1622 879 1669 sit
919 1621 1049 1685 apud
1090 1622 1304 1685 virgines
1345 1626 1395 1669 et
1434 1622 1699 1670 novissime
1747 1627 1862 1686 post

290 1871 316 1910 3
351 1865 440 1908 erit
471 1866 510 1910 b.
656 1870 684 1909 4
714 1864 889 1910 femina
921 1865 1127 1910 omnium
1160 1866 1232 1910 bl:
1266 1879 1349 1910 om.
1382 1866 1424 1910 h.
1563 1864 1861 1913 muliebrium

169 1925 221 1969 h:
254 1923 502 1968 mulierum
534 1925 599 1970 bl.
753 1929 779 1968 5
813 1929 920 1981 post
948 1924 1102 1981 perita
1130 1926 1198 1970 sie
1221 1930 1425 1983 peryunt
1455 1926 1527 1970 bl.
1564 1937 1683 1980 quae
1713 1923 1870 1980 poseat
1915 1956 1919 1959 -

171 1983 493 2028 universarum
523 1982 804 2028 valitudines
837 1987 1158 2041 competenter
1189 1998 1365 2029 curare
1380 1985 1449 2029 ita
1478 1985 1532 2028 ut
1563 1996 1657 2028 non
1681 1983 1745 2028 sit
1765 1985 1869 2028 tur-

170 2042 376 2088 bulenta.
438 2056 525 2087 nec
556 2043 754 2087 verbosa
784 2056 871 2088 nec
902 2056 1055 2087 avara.
1120 2043 1201 2088 sed
1233 2057 1314 2100 sap
1315 2043 1414 2088 iens
1445 2046 1493 2088 et
1523 2041 1680 2087 sobria
1710 2044 1759 2088 et
1787 2044 1862 2088 ta

176 2098 360 2146 citui-na
403 2101 522 2158 (Sor.
560 2116 609 2157 Ρ.
638 2105 797 2156 7,16).
861 2104 909 2146 et
952 2102 1277 2159 superstitiosa.
1283 2059 1444 2159 p.(Sor
1472 2117 1521 2159 Ρ.
1550 2105 1593 2156 7,
1618 2103 1677 2159 6).
1741 2115 1861 2159 quae

176 2174 261 2205 sua
292 2160 605 2205 sollicitudine
644 2161 862 2206 mulieres
902 2160 951 2205 in
981 2163 1121 2218 partu
1151 2161 1380 2219 gubernet
1412 2162 1535 2218 (mat
1565 2163 1611 2218 Ζ).
1675 2175 1754 2218 eqo
1781 2175 1868 2209 no-

174 2233 280 2264 vam
309 2221 711 2278 interrogationem
740 2222 916 2265 inserui
955 2234 1010 2265 ex
1041 2222 1135 2266 eod.
1168 2222 1197 2265 h
1228 2222 1493 2279 inteyriore,
1542 2222 1644 2266 licet
1675 2221 1862 2265 liberius

173 2279 454 2323 immutante.
629 2284 655 2323 6
697 2280 943 2324 obstetrix:
975 2279 1209 2324 medicina
1241 2281 1342 2337 (sie)
1373 2281 1404 2325 h
1436 2282 1494 2336 (et
1528 2281 1649 2334 Pal„
1679 2278 1870 2325 medica..

178 2337 330 2394 Cant.)
464 2342 491 2381 8
525 2339 781 2383 communis
813 2339 842 2382 h
875 2338 972 2394 (καὶ
1003 2335 1056 2383 τὸ
1090 2337 1253 2383 κοινὸν
1286 2339 1367 2383 καὶ
1398 2338 1450 2384 τὸ
1484 2337 1709 2395 προσεχὲς
1741 2337 1868 2383 masta»

178 2396 282 2442 Sor.
305 2410 357 2453 Ρ.
385 2401 428 2451 6,
453 2399 499 2454 6)
621 2396 946 2454 providentem
977 2398 1145 2442 horum
1175 2400 1216 2443 h.
1369 2405 1395 2444 9
1428 2397 1666 2455 cmngesq3.
1749 2411 1867 2455 pote

177 2456 261 2511 (sie
303 2470 405 2500 cnm
453 2457 572 2513 albo)
620 2458 649 2500 h
693 2456 948 2514 (clungesq9
987 2472 1099 2514 pore
1150 2457 1560 2515 Pa1„ciungens
1597 2474 1627 2515 q
1674 2456 1870 2514 inl-,epia

180 2514 347 2571 Cant..)
513 2520 569 2558 10
601 2515 869 2560 accidencia
899 2517 941 2560 h.
1102 2523 1187 2560 6-
1193 2522 1246 2561 13
1278 2519 1386 2562 hwee
1415 2530 1578 2562 rursus
1607 2530 1724 2573 supp
1727 2516 1867 2562 lenda

175 2587 231 2619 em
271 2575 302 2618 h
342 2575 543 2629 fuerunt.
606 2589 715 2619 nam
755 2589 886 2621 verae
928 2576 1132 2620 lectionis
1172 2591 1197 2620 a
1199 2578 1392 2634 eliquiae
1432 2578 1487 2621 in
1523 2581 1713 2633 utroque
1741 2575 1867 2623 code·

178 2646 282 2677 eum
309 2646 467 2690 yenere
489 2639 717 2701 prostant.
874 2638 928 2678 15
960 2634 1289 2692 Principaliter
1315 2663 1367 2668 -
1394 2636 1454 2680 ab
1486 2649 1540 2680 eo
1573 2634 1646 2680 bl:
1680 2633 1858 2678 Tribus.

179 2691 308 2736 dicta.
339 2694 411 2737 est
443 2692 566 2737 enim
597 2694 768 2738 matrix
799 2693 860 2738 ab
892 2706 946 2737 eo
978 2694 1007 2737 h
1129 2698 1182 2739 16
1215 2695 1359 2740 efficit
1387 2696 1438 2739 h:
1470 2693 1585 2738 —ciet
1614 2695 1655 2750 b,
1687 2693 1801 2738 -ciat
1831 2693 1859 2738 Ζ.

295 2755 350 2796 1⁷
382 2751 511 2809 greci
542 2753 568 2797 b
602 2753 671 2809 (nt
694 2767 743 2808 Ρ.
770 2757 799 2797 7
829 2766 870 2797 υ.
892 2754 957 2808 2).
1093 2755 1254 2810 ystera
1281 2755 1332 2799 h:
1366 2756 1492 2799 stera.
1523 2754 1587 2798 bl.
1725 2752 1857 2798 inno·

172 2809 366 2855 vissima.
397 2812 462 2856 bl.
588 2815 642 2856 18
674 2814 727 2856 ut
759 2812 783 2856 b
817 2812 917 2867 (aut
938 2812 1012 2868 h):
1044 2811 1082 2856 &
1113 2813 1141 2856 Ζ.
1265 2813 1423 2857 omniu
1454 2814 1482 2858 Ζ.
1603 2812 1728 2869 iacet
1756 2811 1798 2856 h.

175 2873 229 2913 19
263 2871 311 2915 et
340 2869 592 2930 novissime
624 2872 673 2915 h:
706 2884 789 2916 om.
823 2871 887 2915 bl.
