2014 3162
753 119 1151 172 —313—

222 257 304 304 16.
342 252 572 320 χρηστέον
604 252 658 304 δὲ
689 253 770 304 καὶ
800 250 1075 322 μαλάγμασι
1098 259 1198 315 τοῖς
1221 249 1457 319 ἀμύσσειν
1481 254 1791 321 δυναμένοις,

106 330 214 386 οἷον
262 338 328 406 τῷ
376 331 458 385 διὰ
513 336 772 400 δαφνίδων
826 333 908 386 καὶ
963 331 1045 385 διὰ
1099 331 1412 401 σπερμάτων,
1463 336 1545 386 καὶ
1594 342 1791 398 πεσσοῖς

105 411 275 482 ὁμοίας
316 412 573 482 δυνάμεως
613 414 877 482 ἐχομένοις,
918 408 989 467 ὧν
1027 413 1254 482 εὔκαιρος
1284 411 1315 482 ἡ
1349 419 1516 483 χρῆσις
1555 414 1669 482 μετὰ
1699 414 1790 483 τὴν

103 491 344 562 ἆπόληξιν
389 500 474 563 τῆς
519 493 823 563 καθάρσεως.
901 498 984 548 δεῖ
1020 493 1113 565 γάρ
1158 517 1232 548 τοι
1270 493 1346 548 ὅτε
1387 493 1623 565 σύνεγγύς
1662 498 1790 549 ἔστιν

102 573 134 643 ἡ
172 579 452 644 προθεσμία
490 582 575 645 τῆς
612 576 922 646 καθάρσεως,
960 575 1018 628 τὰ
1058 574 1288 644 δραστικὰ
1335 577 1417 628 καὶ
1464 582 1789 646 συγκινοῦντα

101 663 457 725 παραιτεῖσθαι.
532 656 654 710 κατὰ
694 658 837 726 μέρος
877 657 930 710 δὲ
969 659 1023 710 έν
1060 665 1161 720 τοῖς
1199 658 1491 725 προσθέτοις
1530 659 1647 710 ἔστω
1694 656 1790 725 πή-

103 760 259 807 γανον
296 745 428 792 λεῖον
468 737 583 806 μετὰ
622 739 808 805 μέλιτος
846 735 877 805 ἢ
926 736 1110 800 κόνυζα
1153 735 1185 806 ἡ
1234 737 1567 805 λεπτόφυλλυς
1612 745 1786 791 καλου-

103 819 226 886 μένη
258 816 290 886 ἢ
324 820 498 886 σταφὶς
527 819 674 888 χωρὶς
703 824 800 871 τῶν
830 816 1072 888 γιγάρτων
1103 822 1207 871 λεία
1239 818 1353 886 μετὰ
1386 822 1552 887 νίτρου
1583 816 1615 887 ἢ
1642 817 1786 871 ἁλῶν.

98 898 158 951 τά
172 921 221 952 τε
237 898 320 952 διὰ
342 902 555 967 κυμίνου
580 900 825 967 πεπέρεως
842 898 1090 966 ἀψινθίου
1107 897 1341 953 ὑσσώπου
1359 899 1604 967 βουτύρου
1622 902 1787 953 ἐλαίου

97 985 311 1033 παλαιοῦ
365 981 448 1032 καὶ
499 985 598 1032 τῶν
652 977 837 1047 ὁμοίων
885 977 951 1043 ὡς
996 978 1192 1047 κυάμου
1241 982 1447 1049 μέγεθος
1494 984 1562 1044 εἰς
1607 979 1788 1033 πεσσὸν

96 1061 368 1130 έγχριστέον
413 1062 497 1114 καὶ
541 1061 878 1130 καταβαπτέον
926 1063 993 1124 εἰς
1040 1062 1205 1114 ἔλαιον
1251 1060 1405 1131 γλυκὺ
1451 1059 1483 1129 ἢ
1538 1060 1788 1128 σούσινον,

95 1143 178 1193 ἵνα
223 1139 275 1194 τὸ
326 1140 453 1195 πολὺ
499 1148 586 1210 τῆς
626 1141 810 1210 δήξεως
847 1141 1210 1213 ἆπαμβλυνθῇ,
1257 1144 1338 1194 καὶ
1377 1143 1685 1211 παραθετέον
1722 1148 1787 1215 τῷ

97 1221 291 1290 στόματι
335 1228 422 1291 τῆς
469 1220 682 1292 ὑστέρας.
766 1229 868 1285 τοῖς
918 1223 971 1274 δὲ
1018 1221 1184 1285 αὐτοῖς
1230 1224 1310 1275 καὶ
1359 1222 1475 1286 τοὺς
1524 1227 1787 1292 βουβῶνας

96 1302 348 1357 ἆλειπτέον
386 1305 468 1356 καὶ
507 1303 592 1356 τὸν
633 1302 893 1356 δακτύλιον
931 1305 1143 1357 ἔνδοθεν
1183 1305 1498 1372 διαχριστέον.
1574 1302 1635 1357 ὃν
1681 1304 1786 1373 τρό-

93 1405 191 1438 πον
230 1383 323 1455 γὰρ
362 1385 804 1454 περιγραφομένων
835 1383 944 1436 ἔσθ’
981 1384 1059 1438 ’ὅτε
1088 1390 1186 1438 τῶν
1217 1386 1563 1454 δυστραπέλων
1594 1381 1784 1452 ὀφθαλ-

95 1472 220 1534 μιῶν
259 1465 443 1535 σκληρὰ
482 1470 694 1536 γίγνεται
732 1467 814 1518 καὶ
852 1467 1007 1534 παχέα
1045 1464 1102 1518 τὰ
1142 1467 1364 1534 βλέφαρα
1402 1467 1483 1518 καὶ
1523 1465 1605 1518 διὰ
1645 1472 1784 1520 τοῦτο

94 1546 254 1621 χρῄζει
294 1549 506 1616 δριμέων
544 1549 628 1600 καὶ
666 1552 1103 1617 μετασυγκριτικῶν
1141 1551 1412 1616 κολλυρίων
1458 1551 1526 1610 εἰς
1571 1555 1784 1616 παντελῆ

93 1634 181 1682 τοῦ
235 1628 436 1692 πάθους
489 1628 794 1697 ἆνασκευήν,
857 1627 984 1682 οὕτω
1038 1629 1120 1680 καὶ
1169 1627 1227 1680 τὰ
1281 1630 1391 1697 περὶ
1445 1627 1536 1696 τὴν
1582 1627 1785 1698 ὑστέραν

93 1707 459 1779 ὑπεκλυομένης
510 1711 627 1764 ποτὲ
681 1715 765 1778 τῆς
826 1715 1106 1780 φλεγμονῆς
1167 1708 1350 1778 σκληρὰ
1412 1713 1642 1776 μείναντα
1702 1712 1785 1762 καὶ

92 1792 266 1860 τραχέα
312 1793 396 1844 καὶ
442 1789 549 1845 οἷον
594 1795 848 1860 περίτυλα,
903 1791 1063 1843 δέεταί
1103 1812 1234 1854 τινος
1290 1794 1358 1854 εἰς
1412 1789 1782 1860 μετασύγκρισιν

96 1870 291 1939 δήξεως.
353 1873 436 1924 καὶ
476 1873 598 1940 μηδὲ
631 1871 784 1935 οὕτως
816 1872 1059 1940 λυομένης
1089 1877 1174 1940 τῆς
1207 1873 1491 1939 διαθέσεως,
1529 1878 1594 1946 τῷ
1625 1879 1782 1946 λευκῷ

94 1953 397 2019 σπαρακτέον
435 1951 670 2024 ἐλλεβόρῳ
710 1955 794 2005 καὶ
834 1952 931 2022 μετ’
977 1949 1097 2007 αὐτὸ
1138 1954 1457 2021 δοκιμαστέον
1498 1951 1783 2021 ἀποδημίαν

93 2033 395 2100 μακροτέραν
436 2035 516 2085 καὶ
565 2032 835 2101 αὐτοφυῶν
881 2033 1078 2087 ὑδάτων
1126 2041 1304 2103 χρῆσιν
1350 2035 1430 2086 καὶ
1468 2032 1520 2087 τὸ
1569 2030 1783 2087 σύνολον

93 2119 180 2181 τῆς
218 2119 386 2182 ψυχῆς
425 2113 668 2183 διάχυσιν.
731 2114 857 2168 οὕτω
898 2115 991 2186 γὰρ
1030 2118 1079 2178 ἐξ
1119 2117 1357 2183 ε’πιμονῆς
1395 2136 1442 2167 τε
1480 2121 1578 2167 τῶν
1617 2111 1782 2168 αὐτῶν

90 2197 174 2247 καὶ
219 2195 531 2264 προσθέσεως
575 2201 673 2248 τῶν
722 2188 1067 2265 σφοδροτέρων
1105 2197 1347 2264 λυομένου
1386 2201 1472 2248 τοῦ
1511 2195 1710 2260 πάθους
1749 2193 1780 2265 ἡ

90 2274 334 2344 κάθαρσις
372 2274 796 2345 άπαρεμπόδιστος
835 2281 1060 2347 γίγνεται.

209 2384 514 2457 2τῷδΗδΕ·
539 2381 767 2430 τὸδωδο
879 2385 1143 2441 καὶ(δ..;σ)
1169 2381 1279 2429 τὸο.
1380 2383 1778 2456 4δεῖγάρτοιΒε

91 2439 172 2488 διὰ
204 2441 293 2500 γὰρ
326 2440 378 2488 τὸ
414 2458 452 2488 c.
576 2449 602 2488 6
637 2442 752 2489 ἔστω
785 2443 865 2489 E²z
901 2442 997 2489 ἐστὶ
1029 2459 1068 2489 c.
1190 2447 1216 2487 8
1249 2440 1374 2487 ἁλῶν
1406 2442 1466 2488 E:
1499 2440 1648 2488 ἄλλων
1681 2457 1718 2489 c.

92 2507 118 2546 9
151 2500 327 2546 ἰσώπου
361 2503 462 2561 (sic)
498 2517 541 2548 c:
574 2501 774 2548 οἰσύπου
809 2504 883 2561 (cf.
916 2503 1088 2559 Diosc.>
1122 2502 1173 2546 Ε
1320 2508 1374 2547 15
1407 2499 1722 2559 ὁφθαλμικῶν
1754 2518 1778 2548 c

91 2562 222 2615 (corr.
249 2561 318 2617 E).
467 2567 522 2607 19
557 2559 709 2607 ε’πεκλ.
746 2577 769 2607 c
801 2566 935 2619 (corr.
960 2563 1032 2618 E).
1170 2576 1208 2606 6.
1242 2564 1470 2618 μείναντα
1503 2560 1604 2606 οἷον
1635 2579 1687 2619 τρ
1736 2579 1777 2607 κ.

90 2622 320 2691 περίτυλα
344 2634 382 2665 e.
505 2626 563 2666 20
595 2621 673 2666 καὶ
705 2624 815 2667 ante
848 2620 1006 2666 δέεται
1040 2636 1063 2665 ο
1097 2622 1204 2678 (om
1223 2620 1293 2677 E).
1417 2626 1470 2664 21
1505 2621 1585 2665 καὶ
1615 2580 1720 2666 add.
1739 2622 1776 2665 E

91 2676 226 2735 (μηδὲ
260 2695 410 2730 ουτως
440 2678 494 2725 δε
519 2680 612 2736 E2)
765 2686 821 2725 26
854 2676 1238 2737 άπαραπόδιστος
1271 2695 1307 2724 c.
1460 2683 1568 2737 post
1598 2682 1779 2737 γίνεται

93 2739 349 2794 sequuntur
381 2739 580 2784 Aetiana
612 2739 893 2796 (Philumeni
924 2741 1052 2794 fort„
1086 2739 1143 2784 cf
1176 2739 1240 2795 II,
1267 2742 1355 2797 10),
1389 2752 1505 2796 quae
1537 2741 1778 2795 tamquam

91 2795 294 2841 Soranea
325 2810 416 2841 non
446 2802 572 2843 recte
604 2799 796 2844 admisit
827 2799 863 2843 E
896 2802 954 2856 (p.
976 2803 1063 2843 228
1087 2798 1141 2842 D.
1175 2775 1288 2842 ex’tr.
1323 2798 1571 2848 συνθέτοις
1595 2824 1650 2830 -
1676 2803 1776 2852 230,

91 2860 119 2898 4
151 2856 389 2912 συνεχῶς),
422 2870 477 2900 ex
509 2857 674 2902 eodem
705 2858 873 2903 deinde
904 2857 1042 2903 Aetio
1072 2858 1210 2914 plura
1240 2871 1387 2913 usque
1419 2857 1478 2902 ad
1509 2871 1552 2913 p
1580 2861 1679 2912 236,
1705 2862 1776 2901 21.

1834 598 1856 631 5

1814 1005 1855 1036 10

1810 1409 1853 1442 15

1808 1817 1851 1849 20

1805 2220 1848 2253 25
