2014 3162
893 146 1290 198 —178—

249 277 346 346 ἤδη
386 280 586 340 τελείαις
621 279 764 331 πέντε
803 275 834 346 ἢ
868 281 925 340 ιἐξ
957 275 1239 339 δακτύλους.
1282 277 1546 343 <ἕντεῦθεν
1576 277 1659 329 καὶ
1690 275 1758 329 δι’
1787 276 1936 342 ἄλλας

251 359 339 426 μὲν
379 361 533 422 αἰτίας
570 360 654 412 καὶ
693 357 774 412 διὰ
813 357 994 426 ταύτην
1033 359 1087 410 ἐκ
1127 357 1217 424 μὲν
1255 355 1496 427 γερόντων
1527 358 1634 410 νέαι
1666 359 1788 424 φασὶ
1820 365 1935 412 συλ-

250 445 587 516 λαμβάνουσιν
633 443 709 502 ’ὅτι
754 435 786 500 δ
827 444 1097 509 δακτύλους
1136 443 1411 513 ἀφέστηκεν
1450 444 1602 514 αὐτῆς
1638 444 1692 500 τὸ
1734 445 1935 515 στόμιον

248 526 347 582 ἀπὸ
399 534 497 581 τῶν
543 527 955 598 πτερυγωμάτων,
1010 528 1063 580 ἐκ
1116 526 1171 578 δὲ
1216 527 1345 579 νέων
1390 526 1706 595 πρεσβύτιδες
1753 526 1934 596 οὐκέτι,

204 631 224 663 5
248 608 321 663 ’ὅτι
366 608 492 663 πολὺ
536 608 589 663 τὸ
635 608 836 677 στόμιον
882 606 1052 671 αὐταῖς
1101 605 1373 676 ἀφέστηκεν
1411 606 1509 662 ἀπὸ
1547 614 1647 662 τῶν
1683 629 1934 679 πτερυγω-

248 689 414 758 μάτων
452 687 882 759 ὑπαναβεβηκός.)
943 687 1311 758 προχειρότερον
1350 689 1405 742 δὲ
1441 691 1652 759 γίγνεται
1690 689 1811 743 κατὰ
1847 689 1937 755 τὰς

248 770 493 835 ἆποτέξεις
539 772 937 840 ἐπεκτεινομένου
983 775 1070 824 τοῦ
1115 769 1371 839 τραχήλου.
1448 769 1694 838 διάφορον
1745 771 1799 823 δὲ
1838 772 1934 839 ἔχει
2013 801 2014 833 κ

247 854 330 906 καὶ
358 852 411 906 τὸ
443 854 666 923 μέγεθος,
703 851 834 922 πλὴν
864 854 949 906 ἐπί
974 873 1028 922 γε
1058 857 1156 905 τῶν
1186 854 1422 904 πλείστων
1453 852 1508 904 ἐν
1536 857 1603 925 τῷ
1633 850 1757 904 κατὰ
1781 850 1939 918 φύσιν

247 934 531 1002 τηλικοῦτόν
577 937 703 989 ἐστιν
741 932 914 1003 ἡλίκον
950 932 1002 986 τὸ
1042 931 1177 996 ἐκτὸς
1214 934 1365 1001 πέρας
1401 939 1485 1001 τῆς
1523 930 1818 1000 ἀκουστικῆς
1857 931 1936 986 εὖ·

185 1035 226 1066 10
251 1020 505 1084 ρυχωρίας.
583 1019 817 1069 διίσταται
856 1015 910 1067 δὲ
939 1013 1063 1067 κατά
1099 1036 1235 1076 τινας
1272 1012 1491 1083 καιρούς,
1529 1013 1757 1082 καθάπερ
1789 1016 1843 1067 ἐν
1873 1021 1935 1085 τῇ

247 1096 400 1165 ὀρέξει
451 1104 536 1166 τῆς
581 1101 848 1160 συνουσίας
890 1095 1014 1164 πρὸς
1058 1094 1349 1166 παραδοχὴν
1391 1101 1479 1149 τοῦ
1526 1096 1797 1166 σπέρματος
1835 1094 1934 1149 κάν

245 1186 349 1242 ταῖς
394 1178 664 1248 καθάρσεσι
711 1177 835 1247 πρὸς
879 1179 1094 1247 ἔκκρισιν
1137 1185 1226 1232 τοῦ
1270 1179 1471 1245 αἵματος
1515 1175 1611 1230 κάν
1655 1184 1761 1240 ταῖς
1816 1183 1930 1230 συλ·

244 1258 424 1328 λήψεσι
471 1259 594 1328 πρὸς
630 1259 779 1330 λόγον
814 1266 898 1327 τῆς
936 1265 1023 1313 τοῦ
1073 1258 1292 1328 ἕμβρύου
1320 1256 1703 1326 ,συναυξήσεως
1781 1259 1835 1311 έν
1873 1258 1930 1311 δὲ

244 1347 302 1411 τῇ
325 1340 543 1405 ἀποτέξει
565 1343 649 1394 καὶ
671 1349 896 1395 πλεῖστον
918 1339 1368 1410 προσανευρύνεται
1396 1341 1531 1409 μέχρι
1555 1345 1642 1393 τοῦ
1666 1340 1748 1392 καὶ
1764 1347 1928 1408 χεῖρας

181 1439 222 1472 15
245 1426 439 1476 τελείων
487 1424 866 1493 παραδέχεσθαι.
961 1420 1080 1475 κατὰ
1139 1423 1302 1490 μέντοι
1346 1420 1437 1491 τὴν
1483 1420 1638 1489 φύσιν
1682 1419 1930 1491 τρυφερόν

246 1505 344 1557 ἔστι
380 1506 464 1557 καὶ
502 1508 748 1572 σαρκῶδες
787 1506 866 1558 ἐπὶ
903 1509 1000 1557 τῶν
1038 1502 1429 1572 ἀδιακορεύτων,
1483 1500 1751 1570 σομφότητι
1789 1501 1938 1556 πνεύ-

246 1607 398 1652 μονος
450 1584 482 1654 ἢ
528 1589 766 1658 τρυφερία
811 1585 1021 1656 γλώττης
1067 1584 1250 1652 ἐοικός,
1313 1585 1393 1638 ἐπὶ
1439 1584 1495 1637 δὲ
1540 1590 1638 1637 τῶν
1688 1582 1934 1637 ἀποκεκυ-

246 1666 437 1735 ηκυιῶν
518 1668 872 1735 τυλωδέστερον
916 1669 1153 1736 γίγνεται,
1204 1665 1271 1730 ὥς
1308 1664 1497 1734 κεφαλὴ
1545 1663 1853 1733 πολύποδος,
1899 1661 1936 1734 ἦ

244 1747 379 1818 ἄκρῳ
412 1747 627 1818 βρόγχον
665 1746 838 1811 καθώς
868 1764 1023 1816 φησιν
1046 1745 1369 1816 Ἡρόφιλος
1401 1746 1590 1815 ὅμοιον,
1627 1745 1931 1814 τυλούμενον

180 1846 222 1877 20
245 1835 302 1900 τῇ
340 1828 543 1901 παρόδῳ
582 1835 680 1883 τῶν
718 1828 1123 1898 ἀποκρινομένων
1159 1830 1243 1882 καὶ
1281 1827 1687 1896 ἀποτικτομένων.

402 1918 483 1964 11.
537 1909 569 1979 ἡ
616 1911 670 1964 δὲ
721 1909 809 1979 ’ὅλη
857 1910 1012 1978 μήτρα
1057 1908 1179 1963 κατὰ
1231 1908 1284 1964 τὸ
1335 1913 1787 1978 πλειστοδυναμοῦν
1836 1911 1936 1963 ἐστὶ

245 1991 513 2060 νευρώδης.
569 1993 874 2062 συγκέκριται
911 1990 1004 2062 γὰρ
1044 1990 1135 2046 οὐκ
1173 1993 1227 2044 ἐκ
1265 1990 1458 2059 νεύρων
1495 1989 1650 2059 μόνον
1688 1989 1810 2044 ἀλλὰ
1848 1991 1933 2043 καὶ

245 2074 299 2126 ἐκ
337 2077 536 2142 φλεβῶν
573 2075 655 2126 καὶ
693 2072 937 2142 ἀρτηριῶν
974 2074 1056 2125 καὶ
1095 2072 1287 2142 σαρκός.
1354 2074 1403 2136 ἐξ
1442 2067 1514 2126 ὧν
1551 2070 1610 2125 τὰ
1648 2079 1800 2140 νεῦρα
1838 2072 1928 2139 μὲν

244 2152 344 2208 ἀπὸ
389 2158 619 2218 νωτιαίας
666 2154 901 2225 μήνιγγος
938 2154 1176 2224 λαμβάνει
1212 2153 1303 2222 τήν
1339 2153 1610 2223 καταρχήν,
1659 2157 1714 2206 αἱ
1749 2154 1804 2220 δὲ
1842 2152 1926 2222 ἀρ-

180 2248 223 2282 25
247 2238 408 2304 τηρίαι
445 2236 528 2288 καὶ
565 2238 621 2288 αἱ
656 2237 831 2305 φλέβες
869 2234 966 2289 ἀπὸ
994 2242 1082 2304 τῆς
1114 2236 1473 2304 παρακειμένης
1501 2242 1559 2308 τῇ
1593 2234 1727 2305 ῥάχει
1758 2238 1928 2303 κοίλης

246 2315 427 2384 φλεβὸς
481 2317 562 2369 καὶ
608 2321 810 2385 παχείας
854 2315 1098 2386 ἀρτηρίας.
1176 2316 1268 2370 δύο
1315 2316 1404 2384 μὲν
1448 2314 1542 2386 γὰρ
1588 2314 1928 2386 ἀποσχίζονται

370 2473 393 2511 1
434 2464 678 2512 δακτύλων
711 2482 747 2513 c.
813 2468 980 2514 deinde
1018 2468 1246 2526 adscripsi
1293 2482 1412 2525 quae
1453 2469 1503 2512 in
1534 2469 1739 2513 alienum
1770 2468 1926 2514 locum

245 2525 404 2572 delata
441 2540 580 2584 supra.
618 2527 785 2572 habuit
816 2542 839 2572 c
879 2529 939 2572 ad
970 2543 1014 2585 p.
1051 2533 1239 2599 177,10
1269 2527 1345 2582 (ef.
1379 2528 1439 2572 ad
1473 2531 1570 2583 188,
1596 2529 1655 2584 4).
1817 2532 1843 2572 8
1876 2524 1930 2573 ἐν

247 2584 344 2629 Or.:
378 2599 466 2630 om.
502 2600 537 2630 c.
686 2591 739 2630 12
771 2583 1035 2643 καθάρσεσι
1068 2583 1092 2631 ὁ
1127 2584 1244 2643 πρὸς
1276 2585 1335 2632 εἰσ
1368 2587 1519 2644 κρίσιν
1553 2585 1653 2643 (sic)
1689 2601 1726 2631 c
1871 2590 1930 2631 19

247 2643 666 2701 cf.Herophil.ap.
693 2644 994 2701 Ga1.11,897.
1088 2651 1142 2689 21
1175 2646 1607 2702 πλειστοδυναμοῢν
1641 2645 1715 2690 Or.
1750 2645 1919 2716 (Dan.)

244 2706 460 2748 πλεῖστον
491 2704 735 2761 δυναμοῦν
767 2718 803 2749 c.
957 2708 1013 2749 22
1045 2705 1278 2761 νευρῶδες
1309 2719 1345 2749 c.
1483 2709 1540 2749 24
1572 2701 1927 2778 καταλαμβάνει

245 2758 331 2818 τὴν
355 2758 504 2819 ἀρχήν
537 2776 560 2806 e
593 2763 725 2819 (corr.
761 2763 868 2835 Or..)
1014 2768 1068 2808 25
1101 2763 1183 2807 καὶ
1215 2761 1383 2821 φλέβες
1414 2777 1451 2808 ο.
1574 2763 1924 2835 παρακειμένης

244 2821 348 2878 (sie)
381 2835 404 2866 c
437 2822 512 2876 (=
538 2820 628 2877 O.1·,
658 2835 753 2866 non
784 2819 1154 2879 ὑπερκειμένης).
1284 2828 1341 2867 26
1373 2819 1460 2867 δύο
1487 2848 1542 2855 —-
1568 2825 1630 2880 (p.
1651 2827 1749 2879 179,
1766 2823 1811 2879 2)
1843 2818 1927 2879 ἀρ-

244 2881 404 2936 τηρίας
437 2879 534 2925 Or.
569 2893 656 2925 om.
691 2881 806 2937 (sine
839 2881 963 2938 albo)
997 2896 1032 2926 o.
