2014 3162
873 131 1276 184 —316—

237 265 291 318 δὲ
329 263 504 333 ἀπαθῆ
543 263 628 329 τὰς
660 263 939 335 ἀλγηδόνας
970 266 1112 333 ἔχειν,
1152 262 1271 332 ’ὅπερ
1303 260 1586 332 ὖπενόησάν
1616 285 1771 328 τινες
1801 262 1921 320 ἄπο-

235 345 507 414 βλὲψαντες
545 349 616 410 εἰς
651 345 703 400 τὸ
742 351 997 415 παρῆχθαι
1035 343 1090 397 τὰ
1131 348 1488 414 φλεγμαίνοντα
1528 347 1597 408 εἰς
1633 344 1691 398 τὰ
1722 347 1920 400 ἐναντία

236 426 358 496 μέρη
397 426 641 482 κάκείνων
678 434 775 481 τῶν
805 425 970 480 τόπων
1008 424 1206 492 ψαύειν.
1283 431 1445 497 πολλῷ
1482 425 1576 495 γάρ
1614 428 1742 480 ἔστιν
1781 425 1913 481 εὐλο-

234 508 469 577 γιότερον,
525 510 628 562 ἐπεὶ
674 511 875 562 πλείονα
919 506 1060 561 τάσιν
1105 505 1374 575 ἐπιδέχεται
1418 505 1476 559 τὰ
1521 506 1625 560 κατ’
1677 507 1805 562 εὐθὺ
1854 513 1921 580 τῷ

190 612 210 644 5
237 589 593 660 φλεγμήναντι,
645 588 727 643 διὰ
772 588 858 644 τὸν
904 590 984 642 ἐπὶ
1027 587 1084 641 τὰ
1132 590 1328 642 ἐναντία
1372 587 1709 657 περισπασμὸν
1761 591 1923 642 ἐκεῖνα

234 672 316 723 καὶ
354 670 438 734 τὰς
477 669 794 738 ἔπαισθήσεις
832 672 971 739 ἔχειν.
1033 671 1117 722 καὶ
1147 668 1286 738 ἡμεῖς
1318 670 1372 722 δὲ
1399 675 1541 723 τοῦτο
1574 676 1921 739 συναινοῦμεν,

235 754 279 803 εἰ
313 752 396 803 καὶ
433 749 486 805 τὸ
525 751 823 820 ζητούμενον
863 749 1100 819 οὐδεμίαν
1130 749 1398 821 ἐξαλλαγὴν
1429 749 1650 820 ἐπιφέρει
1678 750 1803 821 πρὸς
1831 750 1922 820 τὴν

234 837 406 900 χρῆσιν
443 838 542 886 τῶν
578 838 792 886 τοπικῶν
831 830 1179 901 βοηθημάτων.

349 919 433 966 20.
501 919 588 967 τοῦ
633 914 875 983 τραχήλου
923 914 978 966 δὲ
1024 916 1409 982 φλεγμαίνοντος
1461 916 1675 981 μείζονες
1728 913 1818 980 μὲν
1871 916 1927 966 αἱ

170 1017 212 1050 10
236 993 563 1062 συμπάθειαι,
610 993 726 1063 μετὰ
773 995 826 1048 δὲ
870 993 924 1048 τὸ
971 993 1168 1063 στόμιον
1217 991 1248 1061 ἡ
1289 992 1509 1062 ὅγκωσις.
1585 995 1668 1046 καὶ
1706 998 1792 1046 τοῦ
1833 993 1923 1061 μὲν

235 1077 398 1137 δεξιοῦ
439 1076 615 1143 μέρους
653 1079 1038 1146 φλεγμαίνοντος
1071 1074 1124 1128 τὸ
1154 1074 1260 1127 κατ’
1297 1073 1426 1128 εὐθὺ
1457 1073 1728 1143 συμπάσχει
1755 1075 1923 1138 σκέλος

233 1157 314 1207 καὶ
353 1155 556 1225 βουβὼν
595 1158 922 1224 ἐπανίσταται,
961 1162 1047 1210 τοῦ
1086 1154 1339 1224 ἀριστεροῦ
1371 1155 1425 1208 δὲ
1455 1154 1508 1208 τὸ
1541 1157 1777 1208 ἐναντίον.
1834 1161 1923 1209 τοῦ

233 1235 287 1287 δὲ
326 1234 551 1288 κάτωθεν
593 1235 713 1306 ὅπερ
745 1239 977 1290 ἐπίκειται
1011 1242 1068 1308 τῇ
1099 1235 1223 1307 ἆρχῇ
1255 1242 1340 1290 τοῦ
1371 1234 1772 1305 ἆπευθυσμένου,
1811 1254 1924 1289 σκυ-

231 1315 400 1384 βάλων
447 1320 655 1370 δυσοδία
700 1319 783 1370 καὶ
829 1315 980 1386 ἐποχὴ
1028 1318 1110 1370 καὶ
1148 1320 1407 1385 προθυμία
1443 1316 1790 1386 τεινεσμώδης,
1839 1319 1922 1370 καὶ

164 1421 207 1454 15
232 1396 323 1451 οὐκ
362 1396 578 1467 εὐμαρὴς
614 1397 646 1467 ἡ
685 1405 773 1453 τοῦ
811 1398 1082 1467 κλύσματος
1113 1395 1404 1466 παράθεσις,
1442 1396 1538 1451 κᾶν
1577 1395 1706 1470 ἐνθῇ
1736 1421 1807 1462 τις
1835 1397 1923 1453 τὸν

232 1478 474 1532 δάκτυλον
512 1481 580 1542 εἰς
617 1478 708 1547 τὴν
746 1481 911 1550 ἕδραν,
959 1478 1105 1549 ὄγκος
1143 1476 1408 1533 ὑποπίπτει
1447 1483 1611 1534 δοκῶν
1650 1478 1775 1533 εἶναι
1811 1481 1924 1548 περὶ

229 1559 282 1613 τὸ
337 1559 734 1628 ἆπευθυσμένον.
814 1567 900 1615 τοῦ
947 1561 1001 1614 δὲ
1048 1560 1272 1628 ἄνωθεν,
1328 1565 1567 1628 δυσουρία
1613 1565 1795 1614 πλείων
1839 1563 1923 1614 καὶ

230 1639 333 1694 κατ’
379 1643 627 1710 ἕφηβαίου
665 1643 750 1695 καὶ
787 1641 953 1705 κτενὸς
993 1640 1019 1696 ὁ
1059 1641 1226 1705 πόνος.
1305 1642 1423 1697 ’ὅλου
1464 1643 1517 1696 δὲ
1554 1648 1641 1697 τοῦ
1679 1641 1922 1713 τραχήλου

232 1727 616 1793 φλεγμαίνοντος
668 1721 829 1775 πάντα
883 1724 1144 1794 παρέπεται
1197 1722 1255 1776 τὰ
1300 1724 1653 1792 προειρημένα,
1707 1725 1791 1776 καὶ
1837 1722 1922 1776 διὰ

164 1828 207 1860 20
231 1803 320 1872 τὴν
359 1808 562 1858 πλείονα
601 1802 864 1873 διόγκωσιν
895 1808 963 1869 εἰς
993 1805 1080 1859 τὸν
1109 1812 1393 1876 γυναικεῖον
1423 1803 1690 1874 προκύπτει
1719 1803 1921 1858 κόλπον.

342 1891 427 1940 21.
488 1891 575 1938 τοῦ
613 1884 791 1948 κύτους
830 1886 884 1938 δὲ
923 1890 1306 1957 φλεγμαίνοντος
1349 1908 1470 1939 κατα
1518 1886 1608 1954 μὲν
1644 1883 1701 1938 τὰ
1740 1884 1922 1956 πλάγια

230 1967 349 2034 μέρη
370 1964 535 2029 πόνος
565 1988 651 2034 της
682 1966 983 2035 καταλλήλου
1014 1967 1220 2038 λαγόνος
1250 1971 1361 2038 γίγν
1363 1989 1478 2033 εται,
1517 1965 1922 2035 σφοδρυνόμενος

229 2045 350 2099 κατὰ
387 2045 480 2115 τὴν
515 2049 582 2110 εἰς
612 2046 670 2100 τὰ
701 2049 898 2101 ἐναντία
929 2047 1242 2117 ἐπιστροφήν.
1313 2047 1435 2102 κατὰ
1467 2048 1521 2101 δε
1551 2070 1609 2100 τα
1640 2050 1921 2118 ε’μπροσθεν

228 2129 310 2180 καὶ
349 2127 574 2194 ἄνωθεν,
621 2125 652 2196 ἡ
694 2129 782 2197 μὲν
827 2127 1058 2199 ἀλγηδὼν
1103 2129 1225 2183 κατὰ
1263 2136 1351 2183 τοῦ
1390 2131 1700 2199 ε’πιγαστρίου
1738 2133 1921 2182 πλείων

161 2231 204 2264 25
230 2208 344 2277 μετὰ
383 2207 714 2278 διογκώσεως,
754 2213 994 2280 δυσουρία
1033 2212 1086 2265 δὲ
1123 2210 1155 2280 ἢ
1195 2214 1434 2280 ἰσχουρία,
1472 2211 1554 2263 καὶ
1592 2208 1708 2277 μετὰ
1747 2208 1798 2262 τὸ
1838 2207 1921 2262 οὖ-

228 2296 374 2358 ρῆσαι
428 2295 611 2358 μᾶλλον
661 2289 923 2346 ὑποπίπτει
969 2299 1026 2365 τῇ
1073 2292 1180 2365 ἁφῇ
1231 2291 1282 2346 τὸ
1340 2295 1534 2360 οἴδημα.
1611 2290 1732 2344 κατὰ
1772 2292 1826 2344 δὲ
1862 2291 1921 2344 τὰ

229 2371 437 2424 ὄπισθεν
475 2373 558 2424 καὶ
596 2371 823 2425 κάτωθεν
852 2380 938 2427 τοῦ
970 2373 1149 2438 κύτους
1177 2380 1263 2442 τῆς
1295 2379 1574 2442 φλεγμονῆς
1605 2371 1921 2442 ὑπαρχούσης

227 2454 337 2519 περὶ
389 2451 480 2520 τὴν
534 2451 698 2521 ὀσφὺν
751 2452 778 2507 ὃ
830 2455 919 2521 μὲν
967 2459 1148 2508 πλείων
1193 2454 1371 2522 πόνος,
1428 2452 1833 2522 σφοδρυνόμενος
1877 2457 1922 2507 εἰ

345 2580 374 2618 4
407 2571 683 2620 ἐπιπλείονα
715 2591 740 2621 c
772 2578 904 2634 (corr,
930 2576 1002 2632 D).
1185 2578 1247 2621 τῶ
1283 2573 1603 2633 φλεγμήναντι
1637 2576 1740 2633 (sio)
1774 2590 1822 2621 ο·
1854 2576 1917 2620 τῶ

228 2636 586 2706 φλεγμαίνοντι
597 2635 640 2691 d,
673 2635 756 2679 τοῦ
790 2636 1160 2693 φλεγμαίνοντος
1190 2635 1241 2680 Ε,
1381 2640 1405 2678 7
1440 2633 1487 2679 εἰ
1514 2635 1575 2680 D:
1609 2629 1637 2692 ἢ
1673 2649 1710 2680 c.
1834 2651 1913 2680 ου-

228 2694 397 2763 δεμίαν
429 2693 490 2737 E:
532 2689 587 2738 οὗ
623 2695 735 2751 μίαν
768 2708 806 2738 c.
938 2699 993 2738 14
1026 2695 1236 2739 δυσωὸία
1269 2708 1293 2737 c
1326 2696 1458 2751 (corr.
1493 2694 1564 2751 E).
1690 2698 1744 2738 15
1778 2690 1916 2752 εὔμε-

227 2749 311 2808 ρής
343 2766 367 2796 0
399 2754 529 2825 (corr.
563 2753 636 2825 D).
759 2749 1040 2811 κλύσματος·
1074 2751 1332 2810 σκύλματος
1364 2767 1401 2798 c.
1526 2758 1579 2797 17
1614 2752 1695 2798 καὶ
1726 2752 1830 2796 add.
1862 2753 1915 2797 E.

286 2815 342 2856 22
375 2808 484 2856 κατ’
517 2808 718 2883 αλλήλου
754 2814 860 2867 (om.
895 2812 978 2884 τῆς
1009 2811 1088 2869 E2)
1121 2826 1159 2858 c.
1283 2817 1340 2857 24
1372 2808 1497 2882 ἔπιγ.
1529 2826 1553 2857 c
1571 2814 1750 2883 (supra
1774 2812 1915 2868 pecti-

227 2884 325 2915 nem
357 2871 473 2927 lat..)
598 2875 654 2916 26
687 2866 789 2928 ἁφῇ
822 2870 879 2915 Ε;
914 2867 1033 2930 ἀρχῇ
1069 2886 1105 2917 c.
1230 2877 1286 2917 28
1318 2871 1426 2928 περὶ
1450 2867 1535 2927 τὴν
1560 2866 1737 2927 ὄσφύνι
1769 2872 1822 2916 in
1843 2884 1914 2916 re-
