2014 3162
867 123 1122 175 —240
1203 153 1272 160 -

222 253 348 323 πρὸς
385 252 438 309 τὸ
478 255 667 324 ένεργὲς
704 260 790 322 τῆς
821 253 1081 323 εὐωνύμου
1115 253 1289 323 χειρός,
1321 257 1602 323 ἔμπροσθεν
1634 252 1700 318 ὥς
1731 256 1915 322 εἴρηται

221 343 307 404 τῆς
338 335 708 404 ἀποτικτούσης.
769 334 884 399 τοὺς
914 336 1004 404 μὲν
1032 334 1126 405 γὰρ
1156 339 1393 405 πλαγίους
1422 342 1510 390 τοῦ
1541 339 1724 405 δίφρου
1754 334 1914 400 πόδας

222 416 610 487 ἀποπεφράχθαι
647 423 1000 486 παραινοῦμεν.
1038 415 1097 469 τὰ
1137 417 1191 469 δὲ
1229 416 1492 480 ἐξόπισθεν
1530 420 1599 480 εἰς
1639 416 1914 485 ἀναγκαίαν

221 500 464 568 κατέχεται
500 504 666 568 χρείαν
702 497 801 552 ὑπὸ
839 504 926 566 τῆς
956 496 1310 566 ὑπηρετούσης,
1342 497 1618 568 πτύγματος
1656 496 1913 552 ὑπόθεσιν.
1951 555 1954 557 ,

178 599 200 632 5
222 578 308 633 τὸν
345 578 439 650 γὰρ
480 579 740 633 δακτύλιον
779 578 930 647 αὐτῆς
968 577 1262 647 ἀποκρατεῖν
1302 583 1384 632 δεῖ
1416 578 1499 632 διὰ
1536 578 1623 643 τὰς
1662 581 1716 633 ἐν
1752 586 1810 650 τῇ
1841 581 1915 632 ἐν·

221 660 352 713 τάσει
406 662 697 730 γιγνομένας
753 659 1054 729 προπτοόσεις
1098 662 1183 712 καὶ
1228 660 1403 729 ῥήξεις.
1488 658 1587 713 εἶτα
1632 659 1788 714 καλὸν
1833 662 1915 713 καὶ

220 740 311 808 τὴν
350 741 474 809 ὄψιν
511 747 597 809 τῆς
633 741 984 809 κυοφορούσης
1024 745 1294 809 φαίνεσθαι
1332 748 1389 814 τῇ
1432 746 1574 813 μαίᾳ,
1612 741 1720 809 ἥτις
1757 762 1913 809 παρα·

222 826 482 890 μυθείσθω
528 822 580 876 τὸ
630 821 792 876 δειλὸν
838 822 991 890 αὐτῆς
1037 821 1439 892 εὐαγγελιζομένη
1487 821 1539 875 τὸ
1590 822 1789 892 ἄφοβον
1833 823 1916 874 καὶ

221 902 311 971 τῆν
341 903 579 958 εὐτοκίαν.

156 1006 201 1038 10
338 984 438 1038 εἶτα
478 987 531 1038 δὲ
570 985 823 1055 ἐγκόπτειν
863 989 933 1049 εἰς
971 984 1061 1054 τὴν
1099 984 1285 1055 λαγόνα
1322 984 1375 1039 τὸ
1423 992 1618 1053 πνεῦμα
1659 994 1918 1055 παραινεῖν
1965 1043 1968 1047 ,

222 1071 305 1120 δεῖ
345 1071 456 1136 δίχα
501 1074 744 1137 κραυγῆς,
793 1066 908 1135 μετὰ
955 1073 1224 1137 στεναγμοῦ
1273 1067 1327 1119 δὲ
1366 1073 1549 1134 μᾶλλον
1587 1068 1669 1119 καὶ
1706 1074 1917 1136 κατοχῆς

221 1147 511 1216 πνεύματος.
561 1150 687 1200 ἔνιαι
717 1147 811 1217 γὰρ
842 1154 938 1201 τῶν
969 1147 1189 1216 ἀπείρων
1219 1156 1320 1211 τοῖς
1352 1147 1458 1200 ἅνω
1491 1149 1684 1216 μέρεσιν
1708 1147 1916 1203 ἐντεινό-

223 1250 366 1296 μεναι
390 1231 472 1281 καὶ
497 1228 562 1297 μὴ
590 1228 952 1297 ἀπωθούμεναι
974 1227 1026 1283 τὸ
1045 1235 1239 1297 πνεῦμα
1262 1228 1385 1298 πρὸς
1407 1227 1459 1282 τὸ
1476 1228 1624 1295 κάτω,
1648 1229 1917 1300 βρογχοκή-

221 1317 308 1372 λας
333 1311 585 1377 ἐποίησαν.
649 1312 799 1363 ἔνθεν
823 1314 891 1374 εἰς
913 1309 1005 1378 τὴν
1037 1309 1290 1364 ἀκώλυτον
1322 1313 1494 1364 δίοδον
1526 1317 1613 1364 τοῦ
1642 1310 1918 1379 πνεύματος

156 1410 198 1442 15
222 1390 358 1443 λύειν
395 1413 443 1444 τε
482 1390 573 1460 τὴν
611 1391 773 1460 ζώνην
811 1398 1059 1460 προσῆκεν
1098 1390 1261 1445 αὐτῶν
1303 1393 1387 1444 καὶ
1424 1390 1476 1445 τὸ
1527 1397 1710 1459 στῆθος
1755 1390 1919 1460 πάσης

222 1474 518 1541 ἐλευθεροῦν
533 1473 890 1543 περιειλήσεως,
909 1471 969 1527 οὐ
986 1472 1108 1526 κατὰ
1124 1471 1218 1541 τῆν
1241 1472 1493 1542 ἰδιωτικὴν
1515 1472 1770 1542 πρόληψιν
1792 1472 1912 1526 καθ’
1978 1471 1987 1510 s

222 1551 286 1621 ἢν
309 1552 366 1605 τὰ
390 1558 619 1622 γυναίκια
644 1554 823 1623 δεσμὸν
855 1553 1037 1608 οὐδένα
1067 1553 1294 1624 βούλεται
1323 1554 1597 1624 τυγχάνειν,
1631 1553 1714 1607 διὰ
1737 1553 1919 1622 ταύτην

223 1634 277 1685 δὲ
309 1635 392 1686 καὶ
414 1633 500 1698 τὰς
528 1639 691 1704 τρίχας
721 1635 869 1688 λύειν.
911 1634 992 1688 δια
1025 1636 1079 1688 δὲ
1110 1635 1201 1704 τὴν
1232 1638 1593 1705 προειρημένην
1617 1639 1776 1689 αἰτίαν
1799 1635 1918 1704 τάχα

222 1713 284 1782 δὴ
322 1717 404 1767 καὶ
441 1713 472 1784 ῆ
514 1716 651 1780 λύσις
688 1723 786 1770 τῶν
823 1724 999 1787 τριχῶν
1039 1715 1266 1770 εὐτονίαν
1305 1716 1532 1770 ἀποτελεῖ
1563 1723 1646 1785 τῆς
1684 1723 1914 1817 κεφαλῆς.

156 1816 200 1848 20
223 1798 542 1896 παραινετέον
581 1792 673 1851 οὖν
712 1796 883 1861 αυταῖς
922 1802 1244 1852 συνεντείνειν
1275 1797 1328 1852 τὸ
1361 1805 1556 1867 πνεῦμα
1586 1799 1669 1851 καὶ
1701 1797 1766 1866 μὴ
1799 1796 1920 1851 ἀπο-

222 1876 426 1946 φεύγειν
471 1877 556 1941 τὰς
603 1878 808 1946 ὠδῖνας,
856 1878 959 1932 ἀλλ’
1004 1879 1082 1932 ότε
1121 1879 1349 1948 πάρεισιν
1388 1882 1532 1932 αῦται
1569 1878 1673 1932 τότε
1712 1877 1916 1951 μάλιστα

221 1959 622 2027 προσβιάζεσθαι.
701 1962 1028 2026 φυλασσὲσθω
1079 1961 1132 2014 δὲ
1169 1959 1200 2029 ἡ
1242 1968 1362 2029 μαῖα
1399 1959 1452 2014 τὸ
1493 1964 1561 2024 εἰς
1598 1958 1714 2023 τοὺς
1751 1982 1919 2029 γυναι-

221 2043 384 2104 κείους
423 2040 637 2104 κόλπους
675 2040 728 2095 τὸ
771 2041 1039 2110 πρόσωπον
1085 2044 1398 2109 ε’νατενίζειν,
1455 2041 1590 2105 ’ὅπως
1637 2040 1702 2109 μή
1750 2044 1918 2095 αἰδου-

343 2221 368 2260 3
413 2211 791 2288 ἀπὸπεπράχθαι
823 2231 847 2260 c
879 2219 1016 2274 (corr.
1051 2216 1122 2289 Ε).
1304 2214 1691 2288 παραινουμένου
1725 2230 1749 2260 0
1780 2218 1913 2272 (corr.

221 2275 293 2333 E).
469 2281 497 2320 4
529 2272 608 2320 ὑπ.
642 2275 710 2326 εἰς
739 2272 1006 2332 πτύσματος
1038 2274 1126 2348 γὰρ
1160 2273 1308 2320 υποθ.
1340 2273 1424 2320 τὸν
1458 2271 1690 2320 δάκτυλον
1722 2289 1747 2319 0
1779 2277 1913 2349 (corr.

223 2333 275 2389 Ε,
310 2332 377 2384 εἰς
408 2335 507 2391 ipse
541 2334 727 2391 delevi).
854 2341 879 2380 5
912 2332 1186 2380 δακτύλιον·
1220 2350 1362 2380 anum
1393 2335 1474 2380 lat.
1598 2337 1674 2379 δεῖ
1694 2334 1755 2378 E:
1789 2332 1843 2378 δε
1876 2347 1913 2380 c.

283 2398 308 2436 7
341 2389 443 2449 ἥτις
474 2394 536 2438 E:
568 2395 637 2444 τίς
671 2393 790 2464 (sic)
806 2409 842 2438 ο.
991 2400 1046 2439 10
1078 2396 1141 2439 τῶ
1174 2390 1432 2464 πνεύματι
1440 2408 1464 2438 0
1497 2395 1631 2450 (corr.
1663 2394 1735 2463 E).
1861 2398 1914 2437 11

223 2453 305 2496 δεῖ
328 2453 437 2508 δίχα
469 2452 530 2495 Ε2
560 2467 604 2509 p.
632 2458 710 2496 34.
744 2450 796 2497 τὸ
830 2454 939 2509 δίχα
972 2467 1010 2499 c.
1136 2458 1189 2497 12
1223 2452 1347 2497 ἔνιαι
1378 2448 1468 2509 γὰρ
1501 2454 1673 2509 μᾶλλον
1704 2447 1912 2509 ἀπείρων

225 2525 250 2554 c
282 2511 394 2566 (τῶν
427 2511 530 2555 add.
565 2512 620 2566 D,
654 2513 826 2568 μᾶλλον
859 2512 983 2583 del).
1167 2517 1221 2555 13
1254 2509 1306 2556 τὸ
1339 2512 1526 2568 πνεῦμα
1552 2512 1663 2569 (hio)
1690 2525 1715 2556 c
1747 2513 1916 2567 (errore

223 2571 333 2626 post
365 2566 529 2616 έντειν.
564 2571 626 2627 d).
746 2568 1071 2647 βρογχηκήλας
1102 2586 1126 2615 c
1157 2573 1290 2628 (corr.
1309 2570 1381 2642 D).
1508 2576 1561 2615 16
1593 2568 1859 2628 πρόσληψιν
1891 2583 1915 2613 c

224 2629 358 2685 (corr.
391 2629 462 2698 Ε)
585 2626 705 2674 καθ’
741 2647 800 2686 ην
832 2646 890 2674 τα
922 2632 1148 2685 γυναίκιοι
1178 2630 1237 2674 Ε·
1271 2627 1526 2686 κάθηνται.
1559 2630 1782 2686 γυναικία
1813 2644 1851 2675 c.

227 2693 281 2731 17
315 2683 510 2743 ταύτηνε
546 2688 683 2733 τοῦτο
715 2704 753 2734 c.
881 2693 934 2733 18
965 2688 1046 2733 καὶ
1079 2688 1237 2732 addidi
1270 2689 1377 2744 (om.
1405 2689 1461 2745 c).
1587 2694 1641 2733 19
1675 2687 1744 2759 δὴ
1767 2687 1827 2733 E·
1860 2685 1914 2732 δὲ

223 2760 262 2792 c.
383 2751 440 2791 20
472 2745 639 2798 αὐταῖς
670 2750 778 2804 post
810 2749 1126 2792 συνεντείνειν
1157 2761 1181 2791 c
1218 2748 1352 2816 (corr.
1386 2748 1457 2804 E).
1580 2753 1634 2792 22
1667 2764 1778 2798 τους
1809 2747 1909 2804 (sio)

225 2807 388 2862 o.(om
423 2805 486 2862 d).
608 2812 663 2851 23
695 2808 779 2864 τῆς
809 2804 1054 2862 τικτούσης
1084 2808 1192 2863 post
1223 2802 1474 2863 πρόσωπον
1506 2807 1611 2852 add.
1645 2821 1683 2852 c.
1740 2805 1796 2852 cf
1829 2806 1910 2851 lat.

222 2865 388 2919 faciem
418 2879 548 2910 suam
578 2871 801 2911 retrorsus
831 2870 1008 2912 avertat
1039 2867 1202 2923 (obst.).
