2014 3162
891 110 1255 163 „70—

230 244 376 310 tubis,
415 246 483 294 ita
514 252 570 293 ut
601 259 714 294 cum
745 245 942 309 polenta
973 252 1023 294 et
1054 253 1192 294 aceto
1230 246 1532 294 misceantur
1555 253 1639 294 aut
1671 261 1784 295 cum
1814 246 1914 312 pal·

227 317 374 366 mulis
413 319 465 366 in
504 325 642 367 aceto
683 318 914 368 decoctis.
974 320 1161 368 utimur
1200 320 1348 367 etiam
1387 319 1767 369 exercitioribus
1806 335 1916 384 pes-

229 392 372 440 sariis
398 406 523 455 quae
547 391 731 441 habent
755 391 930 456 gallam
953 399 1003 442 et
1026 406 1252 440 mannam
1278 393 1404 440 turis
1429 400 1480 441 et
1503 392 1731 442 chalcitin
1757 401 1807 443 et
1829 408 1915 457 ges

228 472 405 531 astera,
428 467 495 514 ita
520 473 575 514 ut
599 481 712 515 cum
739 481 858 514 suco
884 465 1046 530 aliquo
1070 465 1435 530 praedictarum
1465 465 1732 515 herbarum
1755 467 1915 531 pulvis

181 548 204 582 5
227 540 548 588 inmisceatur
568 538 643 588 vel
661 540 784 588 cinis
809 542 1040 604 spongiae
1063 538 1361 587 combustae.
1395 553 1520 602 quae
1544 539 1635 589 hac
1659 539 1918 604 disciplina

229 611 552 662 comburitur.
582 614 836 676 spongiam
860 627 1035 661 novam
1058 613 1166 677 pice
1191 611 1376 676 liquida
1401 611 1662 661 madefacis
1687 620 1737 661 et
1761 615 1812 662 in
1840 628 1916 662 ca-

228 684 349 734 cabo
382 701 531 749 quem
555 701 708 750 aquae
733 686 856 735 nihil
880 687 1041 750 tetigit
1062 687 1206 750 ponis
1232 693 1281 734 et
1304 684 1473 749 argilla
1494 685 1814 750 coperculum
1842 688 1915 736 in-

227 758 356 824 linis,
397 766 445 807 et
475 760 528 807 in
560 760 706 808 furno
739 761 893 809 mittis
924 766 1023 808 tam
1055 758 1139 808 diu
1180 773 1325 823 quam
1360 759 1444 807 diu
1477 767 1682 824 arescat,
1722 768 1777 809 ut
1808 759 1916 824 pul·

227 847 394 880 verem
419 832 580 881 facere
604 835 780 897 possis,
821 849 882 882 ex
906 833 999 882 hoc
1025 832 1246 882 cocleare
1270 831 1471 897 plenum
1494 832 1759 897 praedictis
1785 834 1918 882 sucis

164 916 207 948 10
231 905 472 954 admisces
519 913 570 955 et
616 922 731 956 cum
776 906 942 955 albore
990 908 1067 955 ovi
1112 921 1295 971 pessas,
1374 905 1459 955 sed
1508 908 1549 954 si
1588 907 1796 955 forsitan
1835 907 1915 956 ad·

228 978 459 1028 siduitate
500 981 754 1044 sanguinis
793 989 878 1029 aut
908 982 1037 1030 ustio
1068 979 1138 1028 ibi
1171 981 1432 1028 emerserit
1455 986 1540 1028 aut
1563 978 1740 1029 vulnus
1766 980 1919 1029 fuerit

227 1052 425 1117 factum,
469 1069 567 1102 non
606 1053 744 1102 valde
784 1056 960 1103 timere
991 1052 1244 1120 dehemuS‚
1285 1052 1528 1118 siquidem
1560 1054 1786 1102 trociscis
1822 1053 1919 1103 illis

227 1125 288 1174 de
336 1126 516 1190 quihus
563 1126 902 1192 dysentericos
950 1142 1203 1192 curamUS,
1260 1128 1406 1176 etiam
1455 1126 1542 1175 has
1593 1141 1768 1175 sanare
1807 1141 1918 1191 pos-

228 1215 414 1265 sumuS‚
461 1200 726 1250 dummodo
775 1216 831 1250 ea
881 1215 1006 1265 quae
1054 1200 1363 1265 periclitatur
1410 1199 1616 1248 evadere
1672 1201 1830 1265 possit
1869 1207 1920 1249 et

159 1283 202 1316 15
228 1275 298 1322 sic
337 1273 571 1338 paulatim
611 1275 790 1322 curari.
854 1289 1050 1338 semper
1089 1280 1253 1323 autem
1293 1273 1430 1322 cibos
1470 1273 1689 1323 stalticos
1730 1273 1919 1340 damus,

225 1346 319 1395 hoc
359 1354 436 1396 est
474 1362 690 1414 oryzam,
737 1347 1034 1408 lenticulam,
1081 1346 1328 1411 polentam
1377 1362 1436 1396 ex
1477 1354 1615 1396 aceto
1664 1347 1919 1396 decoctam

225 1427 276 1469 et
335 1419 443 1469 oleo
498 1435 650 1486 spano
707 1421 970 1470 conditam.
1053 1419 1278 1470 dabimus
1325 1422 1472 1470 etiam
1519 1427 1569 1470 et
1614 1419 1786 1470 intuba
1832 1428 1918 1470 aut

225 1493 444 1543 lactucae
498 1502 695 1543 tursum
743 1502 793 1543 et
838 1509 927 1543 ova
973 1494 1122 1558 apala.
1201 1509 1260 1543 ex
1308 1493 1586 1543 volatilibus
1633 1502 1796 1543 autem
1835 1509 1918 1559 pa-

225 1567 448 1616 lumbum
485 1567 738 1632 perdicem
777 1575 1023 1633 attagena‚
1061 1570 1128 1617 ita
1168 1575 1224 1617 ut
1262 1583 1320 1616 ex
1364 1582 1518 1632 pusca
1557 1575 1608 1618 et
1639 1583 1751 1617 cum
1783 1567 1917 1617 bacis

158 1652 201 1684 20
225 1648 416 1690 murtae
464 1641 623 1691 etoleo
679 1657 831 1706 spano
879 1649 1170 1705 coquantur.
1247 1648 1297 1690 et
1345 1643 1608 1690 novissime
1663 1643 1811 1691 etiam
1850 1642 1917 1690 vi·

225 1729 345 1763 num
385 1714 557 1764 damus
597 1723 647 1764 et
686 1715 746 1764 ad
771 1717 1020 1779 integrum
1053 1715 1388 1764 confirmatam
1412 1714 1601 1763 tardius
1625 1714 1775 1763 lavari
1807 1729 1918 1779 per·

229 1789 485 1838 mittimus,

1210 1911 1238 1936 Ο

348 1950 372 1988 1
406 1944 474 1988 ita
503 1947 557 1988 ut
587 1946 603 1989 Ζ
613 1963 623 1988 =
656 1947 738 1988 aut
767 1945 810 1988 h.
933 1951 959 1989 2
991 1947 1176 1990 utemur
1206 1946 1247 1990 h.
1371 1950 1398 1989 3
1432 1945 1632 1989 calciten
1661 1945 1703 1999 h,
1737 1945 1804 1988 -te
1828 1945 1856 1989 Ζ.
1915 1953 1918 1956 ’

227 2007 258 2046 4
288 2002 402 2057 pulb
433 2004 476 2046 h.
597 2007 623 2048 5
658 2002 825 2047 cineris
859 2018 925 2060 sp.
960 2005 988 2060 Ζ,
1022 2004 1173 2048 cinere
1205 2003 1320 2047 illuc
1353 2003 1420 2060 sp.
1452 2005 1494 2049 h.
1618 2017 1762 2060 quae:
1796 2003 1921 2059 quod

227 2061 313 2117 (qd
340 2062 388 2117 h)
419 2063 486 2106 hl.
637 2062 727 2106 hac
760 2061 872 2107 disc.
906 2077 965 2108 sc.
998 2064 1148 2108 eodem
1179 2063 1310 2107 modo
1341 2076 1470 2118 quem
1500 2063 1640 2108 deser.
1676 2061 1794 2107 Cael.
1826 2062 1918 2107 chr.

227 2123 277 2174 2,
300 2124 407 2165 168.
535 2120 654 2165 hac:
689 2135 744 2165 ac
774 2122 818 2176 h,
850 2122 972 2166 hanc
1003 2123 1031 2167 Ζ.
1153 2127 1181 2166 6
1211 2121 1488 2166 madefactis
1518 2123 1560 2166 h.
1683 2123 1731 2165 et
1761 2133 1844 2165 om.
1876 2121 1919 2164 h.

317 2181 515 2224 caccavo
543 2181 549 2235 Ι
576 2193 698 2239 aque²
738 2180 886 2224 nichil
915 2180 1078 2238 tetigit
1107 2180 1244 2238 ponis
1275 2181 1327 2225 h:
1389 2194 1587 2225 caccavo
1618 2193 1740 2225 novo
1772 2179 1920 2224 mittis

227 2239 256 2283 Ζ.
379 2243 407 2283 8
438 2238 619 2297 tanldiu
650 2244 745 2294 qua
776 2238 857 2282 diu
887 2240 937 2283 h:
988 2241 1105 2284 Tam
1137 2239 1218 2283 diu
1250 2238 1311 2283 sit
1343 2239 1489 2284 donec
1521 2241 1549 2284 Ζ.
1670 2240 1853 2283 arescat
1884 2239 1920 2282 l:

229 2300 410 2341 crescat
439 2298 482 2341 h.
605 2302 631 2341 9
663 2311 720 2342 ex
751 2298 839 2342 hoc
869 2299 920 2342 h:
955 2299 994 2342 δε
1018 2299 1046 2343 Ζ.
1168 2296 1338 2354 cocle(i
1359 2299 1489 2354 h)are
1522 2299 1587 2343 lh.
1707 2297 1919 2354 plenum:

227 2355 368 2411 pleno
399 2355 449 2400 in
480 2357 515 2412 Ζ,
548 2355 689 2412 pleno
722 2359 804 2401 aut
833 2358 875 2402 h.
971 2362 1026 2401 10
1049 2359 1117 2402 et:
1143 2359 1227 2401 aut
1249 2358 1315 2401 lh.
1406 2370 1566 2414 pessas
1588 2358 1638 2401 h:
1663 2355 1811 2413 pistas
1829 2357 1858 2400 Ζ.

230 2418 284 2457 11
317 2414 440 2458 ustio
472 2415 521 2459 h:
563 2414 719 2460 studio
752 2417 779 2459 Ζ.
904 2421 958 2460 12
994 2417 1159 2460 timere
1191 2415 1413 2460 debemus
1445 2417 1461 2459 Ζ
1471 2434 1481 2460 z
1514 2416 1762 2461 timeamus
1793 2416 1837 2460 h.

231 2477 286 2517 13
320 2472 378 2516 de
398 2474 495 2530 (sic)
515 2474 578 2518 lh.
671 2474 756 2518 has
781 2475 831 2518 h:
863 2475 949 2518 hos
973 2476 1002 2520 Ζ.
1098 2479 1153 2519 15
1184 2474 1347 2518 damus
1370 2475 1420 2519 h:
1452 2487 1535 2520 om.
1562 2476 1590 2520 Ζ.
1690 2479 1744 2519 17
1769 2472 1922 2518 intiba
2013 2474 2014 2517 ἐ

229 2561 296 2606 lh.
414 2565 467 2604 18
499 2561 689 2618 laptuce
721 2563 901 2618 tyrsum
932 2564 974 2616 h,
1007 2563 1189 2622 lactuce
1233 2536 1365 2616 {ursii
1398 2563 1427 2606 Ζ.
1519 2563 1577 2616 cf.
1609 2563 1672 2607 ad
1693 2575 1747 2618 p.
1774 2564 1848 2615 69,
1873 2564 1913 2607 9.

291 2624 346 2664 19
378 2620 611 2677 adtegena
642 2621 681 2675 Ζ,
716 2622 988 2678 attagenam
1018 2622 1061 2666 h.
1152 2634 1295 2678 posca
1327 2623 1374 2665 et
1405 2635 1512 2665 cum
1540 2620 1670 2665 bacis
1701 2621 1745 2675 h,
1776 2633 1920 2677 pusca

228 2678 544 2782 {galetasdlgdri
575 2738 600 2782 b
612 2684 674 2782 l2·1
709 2680 769 2724 ad
800 2679 1038 2737 integrum
1067 2680 1117 2724 h:
1149 2680 1210 2724 ad.
1240 2679 1446 2736 integras
1480 2679 1681 2724 sanitate
1714 2680 1743 2723 Ζ.
1848 2678 1919 2723 la·
1955 2691 1959 2694 ·
