<?xml version="1.0" encoding="UTF-8"?>
<!DOCTYPE html PUBLIC "-//W3C//DTD XHTML 1.0 Transitional//EN"
    "http://www.w3.org/TR/xhtml1/DTD/xhtml1-transitional.dtd">
<html xmlns="http://www.w3.org/1999/xhtml" xml:lang="en" lang="en">
 <head>
  <title>
</title>
<meta http-equiv="Content-Type" content="text/html;charset=utf-8" />
  <meta name='ocr-system' content='tesseract 3.04.00' />
  <meta name='ocr-capabilities' content='ocr_page ocr_carea ocr_par ocr_line ocrx_word'/>
</head>
<body>
  <div class='ocr_page' id='page_1' title='image "./gynaeciorumvetus00sorauoft_0237.png"; bbox 0 0 2014 3162; ppageno 0'>
   <div class='ocr_carea' id='block_1_1' title="bbox 0 2464 2 3162">
    <p class='ocr_par' dir='ltr' id='par_1_1' title="bbox 0 2464 2 3162">
     <span class='ocr_line' id='line_1_1' title="bbox 0 2464 2 3162; baseline 0 0"><span class='ocrx_word' id='word_1_1' title='bbox 0 2464 2 3162; x_wconf 95' lang='lat' dir='ltr'><em> </em></span> 
     </span>
    </p>
   </div>
   <div class='ocr_carea' id='block_1_2' title="bbox 767 106 1165 159">
    <p class='ocr_par' dir='ltr' id='par_1_2' title="bbox 767 106 1165 159">
     <span class='ocr_line' id='line_1_2' title="bbox 767 106 1165 159; baseline 0 0"><span class='ocrx_word' id='word_1_2' title='bbox 767 106 1165 159; x_wconf 81' lang='lat'>—213-</span> 
     </span>
    </p>
   </div>
   <div class='ocr_carea' id='block_1_3' title="bbox 128 234 1888 2335">
    <p class='ocr_par' dir='ltr' id='par_1_3' title="bbox 128 234 1888 2335">
     <span class='ocr_line' id='line_1_3' title="bbox 131 234 1814 312; baseline 0.007 -25"><span class='ocrx_word' id='word_1_3' title='bbox 131 234 469 305; x_wconf 74' lang='grc' dir='ltr'><em>ἀπολαμβάνει</em></span> <span class='ocrx_word' id='word_1_4' title='bbox 515 235 580 304; x_wconf 88' lang='grc' dir='ltr'><em>μὴ</em></span> <span class='ocrx_word' id='word_1_5' title='bbox 628 238 1071 306; x_wconf 85' lang='grc' dir='ltr'><em>συντινασσόμενον</em></span> <span class='ocrx_word' id='word_1_6' title='bbox 1115 238 1212 293; x_wconf 83' lang='grc' dir='ltr'><em>ὑπὸ</em></span> <span class='ocrx_word' id='word_1_7' title='bbox 1259 247 1356 294; x_wconf 91' lang='grc' dir='ltr'><em>τῶν</em></span> <span class='ocrx_word' id='word_1_8' title='bbox 1403 250 1558 296; x_wconf 80' lang='grc' dir='ltr'><em>κινεῖν</em></span> <span class='ocrx_word' id='word_1_9' title='bbox 1606 246 1814 312; x_wconf 90' lang='grc' dir='ltr'><em>δυναμέ-</em></span> 
     </span>
     <span class='ocr_line' id='line_1_4' title="bbox 133 315 1817 392; baseline 0.006 -23"><span class='ocrx_word' id='word_1_10' title='bbox 133 339 249 369; x_wconf 88' lang='grc' dir='ltr'><em>νων.</em></span> <span class='ocrx_word' id='word_1_11' title='bbox 298 315 359 371; x_wconf 81' lang='grc' dir='ltr'><em>οὗ</em></span> <span class='ocrx_word' id='word_1_12' title='bbox 398 315 497 385; x_wconf 88' lang='grc' dir='ltr'><em>μὴν</em></span> <span class='ocrx_word' id='word_1_13' title='bbox 537 318 627 380; x_wconf 73' lang='grc' dir='ltr'><em>ἕως</em></span> <span class='ocrx_word' id='word_1_14' title='bbox 665 323 890 384; x_wconf 88' lang='grc' dir='ltr'><em>πλείονος</em></span> <span class='ocrx_word' id='word_1_15' title='bbox 920 319 1108 384; x_wconf 80' lang='grc' dir='ltr'><strong><em>τούτοις</em></strong></span> <span class='ocrx_word' id='word_1_16' title='bbox 1138 319 1288 374; x_wconf 90' lang='grc' dir='ltr'><em>πάλιν</em></span> <span class='ocrx_word' id='word_1_17' title='bbox 1320 323 1695 392; x_wconf 89' lang='grc' dir='ltr'><em>ἐνδιατριπτέον,</em></span> <span class='ocrx_word' id='word_1_18' title='bbox 1733 329 1817 378; x_wconf 79' lang='grc' dir='ltr'><em>ἵνα</em></span> 
     </span>
     <span class='ocr_line' id='line_1_5' title="bbox 131 397 1815 469; baseline 0.006 -19"><span class='ocrx_word' id='word_1_19' title='bbox 131 397 196 465; x_wconf 84' lang='grc' dir='ltr'><em>μὴ</em></span> <span class='ocrx_word' id='word_1_20' title='bbox 236 404 322 451; x_wconf 82' lang='grc' dir='ltr'><em>τοῦ</em></span> <span class='ocrx_word' id='word_1_21' title='bbox 362 397 581 466; x_wconf 78' lang='grc' dir='ltr'><em>σώματος</em></span> <span class='ocrx_word' id='word_1_22' title='bbox 619 400 1002 465; x_wconf 80' lang='grc' dir='ltr'><em>ἐξασθενοῦντος</em></span> <span class='ocrx_word' id='word_1_23' title='bbox 1034 398 1116 454; x_wconf 81' lang='grc' dir='ltr'><em>διὰ</em></span> <span class='ocrx_word' id='word_1_24' title='bbox 1147 399 1237 469; x_wconf 85' lang='grc' dir='ltr'><em>τὴν</em></span> <span class='ocrx_word' id='word_1_25' title='bbox 1270 399 1527 469; x_wconf 80' lang='grc' dir='ltr'><em>ὑφαίρεσιν</em></span> <span class='ocrx_word' id='word_1_26' title='bbox 1557 411 1642 458; x_wconf 86' lang='grc' dir='ltr'><em>τοῦ</em></span> <span class='ocrx_word' id='word_1_27' title='bbox 1675 409 1815 460; x_wconf 85' lang='grc' dir='ltr'><em>οἴνου</em></span> 
     </span>
     <span class='ocr_line' id='line_1_6' title="bbox 131 478 1817 555; baseline 0.005 -24"><span class='ocrx_word' id='word_1_28' title='bbox 131 480 212 531; x_wconf 85' lang='grc' dir='ltr'><em>καὶ</em></span> <span class='ocrx_word' id='word_1_29' title='bbox 258 485 342 547; x_wconf 82' lang='grc' dir='ltr'><em>τῆς</em></span> <span class='ocrx_word' id='word_1_30' title='bbox 386 486 575 548; x_wconf 83' lang='grc' dir='ltr'><em>τροφῆς</em></span> <span class='ocrx_word' id='word_1_31' title='bbox 622 481 705 532; x_wconf 84' lang='grc' dir='ltr'><em>καὶ</em></span> <span class='ocrx_word' id='word_1_32' title='bbox 752 478 782 548; x_wconf 78' lang='grc' dir='ltr'><em>ἡ</em></span> <span class='ocrx_word' id='word_1_33' title='bbox 830 481 984 550; x_wconf 82' lang='grc' dir='ltr'><em>μήτρα</em></span> <span class='ocrx_word' id='word_1_34' title='bbox 1031 482 1364 553; x_wconf 84' lang='grc' dir='ltr'><em>συνατονήσῃ,</em></span> <span class='ocrx_word' id='word_1_35' title='bbox 1411 482 1516 536; x_wconf 82' lang='grc' dir='ltr'><em>κατ’</em></span> <span class='ocrx_word' id='word_1_36' title='bbox 1561 483 1725 555; x_wconf 79' lang='grc' dir='ltr'><em>ὀλίγον</em></span> <span class='ocrx_word' id='word_1_37' title='bbox 1763 488 1817 539; x_wconf 80' lang='grc' dir='ltr'><em>δὲ</em></span> 
     </span>
     <span class='ocr_line' id='line_1_7' title="bbox 131 559 1863 637; baseline 0.005 -25"><span class='ocrx_word' id='word_1_38' title='bbox 131 561 435 627; x_wconf 80' lang='grc' dir='ltr'><em>μεταθετέον.</em></span> <span class='ocrx_word' id='word_1_39' title='bbox 513 559 587 614; x_wconf 83' lang='grc' dir='ltr'><em>ἐπ’</em></span> <span class='ocrx_word' id='word_1_40' title='bbox 632 560 757 632; x_wconf 80' lang='grc' dir='ltr'><em>αὐτῇ</em></span> <span class='ocrx_word' id='word_1_41' title='bbox 797 563 851 615; x_wconf 85' lang='grc' dir='ltr'><em>δὲ</em></span> <span class='ocrx_word' id='word_1_42' title='bbox 888 570 945 637; x_wconf 81' lang='grc' dir='ltr'><em>τῇ</em></span> <span class='ocrx_word' id='word_1_43' title='bbox 986 564 1186 635; x_wconf 77' lang='grc' dir='ltr'><em>δευτέρα</em></span> <span class='ocrx_word' id='word_1_44' title='bbox 1224 562 1378 636; x_wconf 74' lang='grc' dir='ltr'><em>ἡμέρα</em></span> <span class='ocrx_word' id='word_1_45' title='bbox 1415 571 1472 636; x_wconf 78' lang='grc' dir='ltr'><em>τῇ</em></span> <span class='ocrx_word' id='word_1_46' title='bbox 1513 564 1596 618; x_wconf 80' lang='grc' dir='ltr'><em>διὰ</em></span> <span class='ocrx_word' id='word_1_47' title='bbox 1636 569 1817 634; x_wconf 91' lang='grc' dir='ltr'><em>δίφρου</em></span> <span class='ocrx_word' id='word_1_48' title='bbox 1842 589 1863 622; x_wconf 90' lang='lat'><strong>5</strong></span> 
     </span>
     <span class='ocr_line' id='line_1_8' title="bbox 130 639 1818 715; baseline 0.004 -21"><span class='ocrx_word' id='word_1_49' title='bbox 130 639 161 709; x_wconf 78' lang='grc' dir='ltr'>ἢ</span> <span class='ocrx_word' id='word_1_50' title='bbox 202 649 390 711; x_wconf 82' lang='grc' dir='ltr'><em>μακρᾶς</em></span> <span class='ocrx_word' id='word_1_51' title='bbox 427 644 676 712; x_wconf 82' lang='grc' dir='ltr'><em>καθέδρας</em></span> <span class='ocrx_word' id='word_1_52' title='bbox 714 644 948 712; x_wconf 85' lang='grc' dir='ltr'><em>χρηστέον</em></span> <span class='ocrx_word' id='word_1_53' title='bbox 987 643 1156 715; x_wconf 77' lang='grc' dir='ltr'><em>αἰώρᾳ.</em></span> <span class='ocrx_word' id='word_1_54' title='bbox 1211 643 1302 713; x_wconf 88' lang='grc' dir='ltr'><em>τὴν</em></span> <span class='ocrx_word' id='word_1_55' title='bbox 1331 644 1425 715; x_wconf 79' lang='grc' dir='ltr'><em>γὰρ</em></span> <span class='ocrx_word' id='word_1_56' title='bbox 1458 644 1541 699; x_wconf 76' lang='grc' dir='ltr'><em>διὰ</em></span> <span class='ocrx_word' id='word_1_57' title='bbox 1571 652 1669 700; x_wconf 90' lang='grc' dir='ltr'><em>τῶν</em></span> <span class='ocrx_word' id='word_1_58' title='bbox 1700 645 1818 700; x_wconf 79' lang='grc' dir='ltr'><em>ὑπο·</em></span> 
     </span>
     <span class='ocr_line' id='line_1_9' title="bbox 131 721 1819 795; baseline 0.004 -20"><span class='ocrx_word' id='word_1_59' title='bbox 131 727 311 792; x_wconf 82' lang='grc' dir='ltr'><em>ζυγίων</em></span> <span class='ocrx_word' id='word_1_60' title='bbox 351 721 417 787; x_wconf 83' lang='grc' dir='ltr'><em>ῶς</em></span> <span class='ocrx_word' id='word_1_61' title='bbox 454 727 807 778; x_wconf 88' lang='grc' dir='ltr'><em>κατασείουσαν</em></span> <span class='ocrx_word' id='word_1_62' title='bbox 845 728 1054 793; x_wconf 82' lang='grc' dir='ltr'><em>ἰσχυρῶς</em></span> <span class='ocrx_word' id='word_1_63' title='bbox 1085 724 1521 795; x_wconf 88' lang='grc' dir='ltr'><em>ἀποδοκιμαστέον.</em></span> <span class='ocrx_word' id='word_1_64' title='bbox 1561 726 1660 780; x_wconf 84' lang='grc' dir='ltr'><em>εἶτα</em></span> <span class='ocrx_word' id='word_1_65' title='bbox 1691 749 1819 795; x_wconf 90' lang='grc' dir='ltr'><em>περι-</em></span> 
     </span>
     <span class='ocr_line' id='line_1_10' title="bbox 129 801 1820 877; baseline 0.002 -20"><span class='ocrx_word' id='word_1_66' title='bbox 129 801 267 876; x_wconf 89' lang='grc' dir='ltr'><em>πάτῳ</em></span> <span class='ocrx_word' id='word_1_67' title='bbox 309 809 515 876; x_wconf 82' lang='grc' dir='ltr'><em>σχολαίῳ</em></span> <span class='ocrx_word' id='word_1_68' title='bbox 553 827 602 858; x_wconf 91' lang='grc' dir='ltr'><em>τε</em></span> <span class='ocrx_word' id='word_1_69' title='bbox 639 806 722 857; x_wconf 84' lang='grc' dir='ltr'><em>καὶ</em></span> <span class='ocrx_word' id='word_1_70' title='bbox 760 804 936 877; x_wconf 81' lang='grc' dir='ltr'><em>κούφῳ</em></span> <span class='ocrx_word' id='word_1_71' title='bbox 968 807 1050 858; x_wconf 82' lang='grc' dir='ltr'><em>καὶ</em></span> <span class='ocrx_word' id='word_1_72' title='bbox 1082 805 1226 877; x_wconf 85' lang='grc' dir='ltr'><em>ὀλίγῳ</em></span> <span class='ocrx_word' id='word_1_73' title='bbox 1266 805 1389 875; x_wconf 88' lang='grc' dir='ltr'><em>πρὸς</em></span> <span class='ocrx_word' id='word_1_74' title='bbox 1427 803 1579 875; x_wconf 90' lang='grc' dir='ltr'><em>λόγον</em></span> <span class='ocrx_word' id='word_1_75' title='bbox 1618 805 1820 875; x_wconf 77' lang='grc' dir='ltr'><em>ἑκάστης</em></span> 
     </span>
     <span class='ocr_line' id='line_1_11' title="bbox 131 883 1819 958; baseline 0.002 -20"><span class='ocrx_word' id='word_1_76' title='bbox 131 883 313 954; x_wconf 81' lang='grc' dir='ltr'><em>ἡμέρας</em></span> <span class='ocrx_word' id='word_1_77' title='bbox 358 885 704 958; x_wconf 77' lang='grc' dir='ltr'><em>αὐξανομένῳ,</em></span> <span class='ocrx_word' id='word_1_78' title='bbox 757 888 839 938; x_wconf 86' lang='grc' dir='ltr'><em>καὶ</em></span> <span class='ocrx_word' id='word_1_79' title='bbox 884 895 1088 955; x_wconf 89' lang='grc' dir='ltr'><em>τροφαῖς</em></span> <span class='ocrx_word' id='word_1_80' title='bbox 1139 896 1243 951; x_wconf 85' lang='grc' dir='ltr'><em>ταῖς</em></span> <span class='ocrx_word' id='word_1_81' title='bbox 1281 890 1334 941; x_wconf 88' lang='grc' dir='ltr'><em>ἐκ</em></span> <span class='ocrx_word' id='word_1_82' title='bbox 1372 894 1458 956; x_wconf 84' lang='grc' dir='ltr'><em>τῆς</em></span> <span class='ocrx_word' id='word_1_83' title='bbox 1497 890 1644 956; x_wconf 85' lang='grc' dir='ltr'><em>μέσης</em></span> <span class='ocrx_word' id='word_1_84' title='bbox 1682 887 1819 956; x_wconf 70' lang='grc' dir='ltr'><em>ὕλης,</em></span> 
     </span>
     <span class='ocr_line' id='line_1_12' title="bbox 133 965 1886 1036; baseline 0 -16"><span class='ocrx_word' id='word_1_85' title='bbox 133 965 241 1021; x_wconf 86' lang='grc' dir='ltr'><em>οἷον</em></span> <span class='ocrx_word' id='word_1_86' title='bbox 286 967 480 1036; x_wconf 86' lang='grc' dir='ltr'><em>ἰχθύων</em></span> <span class='ocrx_word' id='word_1_87' title='bbox 525 975 626 1032; x_wconf 85' lang='grc' dir='ltr'><em>τοῖς</em></span> <span class='ocrx_word' id='word_1_88' title='bbox 672 965 737 1035; x_wconf 82' lang='grc' dir='ltr'><em>μὴ</em></span> <span class='ocrx_word' id='word_1_89' title='bbox 786 974 1008 1036; x_wconf 84' lang='grc' dir='ltr'><em>λιπαροῖς</em></span> <span class='ocrx_word' id='word_1_90' title='bbox 1054 969 1136 1020; x_wconf 87' lang='grc' dir='ltr'><em>καὶ</em></span> <span class='ocrx_word' id='word_1_91' title='bbox 1174 974 1332 1036; x_wconf 85' lang='grc' dir='ltr'><em>κρεῶν</em></span> <span class='ocrx_word' id='word_1_92' title='bbox 1370 975 1470 1031; x_wconf 89' lang='grc' dir='ltr'><em>τοῖς</em></span> <span class='ocrx_word' id='word_1_93' title='bbox 1510 966 1574 1035; x_wconf 80' lang='grc' dir='ltr'><em>μὴ</em></span> <span class='ocrx_word' id='word_1_94' title='bbox 1616 989 1818 1020; x_wconf 86' lang='grc' dir='ltr'><em>καταπι-</em></span> <span class='ocrx_word' id='word_1_95' title='bbox 1843 993 1886 1027; x_wconf 87' lang='lat'><em>10</em></span> 
     </span>
     <span class='ocr_line' id='line_1_13' title="bbox 132 1047 1818 1119; baseline 0 -17"><span class='ocrx_word' id='word_1_96' title='bbox 132 1050 293 1116; x_wconf 86' lang='grc' dir='ltr'><em>μέλοις</em></span> <span class='ocrx_word' id='word_1_97' title='bbox 338 1051 420 1102; x_wconf 83' lang='grc' dir='ltr'><em>καὶ</em></span> <span class='ocrx_word' id='word_1_98' title='bbox 467 1048 698 1119; x_wconf 74' lang='grc' dir='ltr'><em>λαχάνοις</em></span> <span class='ocrx_word' id='word_1_99' title='bbox 742 1055 842 1111; x_wconf 85' lang='grc' dir='ltr'><em>τοῖς</em></span> <span class='ocrx_word' id='word_1_100' title='bbox 889 1047 954 1117; x_wconf 83' lang='grc' dir='ltr'><em>μὴ</em></span> <span class='ocrx_word' id='word_1_101' title='bbox 1003 1050 1206 1118; x_wconf 87' lang='grc' dir='ltr'><em>δριμέσι.</em></span> <span class='ocrx_word' id='word_1_102' title='bbox 1282 1047 1486 1119; x_wconf 75' lang='grc' dir='ltr'><em>φεύγειν</em></span> <span class='ocrx_word' id='word_1_103' title='bbox 1534 1048 1587 1101; x_wconf 80' lang='grc' dir='ltr'><em>δὲ</em></span> <span class='ocrx_word' id='word_1_104' title='bbox 1626 1053 1728 1100; x_wconf 78' lang='grc' dir='ltr'><em>πᾶν</em></span> <span class='ocrx_word' id='word_1_105' title='bbox 1767 1047 1818 1102; x_wconf 85' lang='grc' dir='ltr'><em>τὸ</em></span> 
     </span>
     <span class='ocr_line' id='line_1_14' title="bbox 131 1127 1820 1200; baseline -0.001 -17"><span class='ocrx_word' id='word_1_106' title='bbox 131 1129 302 1199; x_wconf 87' lang='grc' dir='ltr'><em>δριμύ,</em></span> <span class='ocrx_word' id='word_1_107' title='bbox 347 1127 575 1200; x_wconf 87' lang='grc' dir='ltr'><em>καθάπερ</em></span> <span class='ocrx_word' id='word_1_108' title='bbox 622 1128 837 1199; x_wconf 88' lang='grc' dir='ltr'><em>σκόροδα</em></span> <span class='ocrx_word' id='word_1_109' title='bbox 874 1129 1102 1198; x_wconf 83' lang='grc' dir='ltr'><em>κρόμμυα</em></span> <span class='ocrx_word' id='word_1_110' title='bbox 1140 1129 1304 1199; x_wconf 86' lang='grc' dir='ltr'><em>πράσα</em></span> <span class='ocrx_word' id='word_1_111' title='bbox 1340 1128 1511 1199; x_wconf 87' lang='grc' dir='ltr'><em>τάριχα</em></span> <span class='ocrx_word' id='word_1_112' title='bbox 1548 1130 1632 1181; x_wconf 81' lang='grc' dir='ltr'><em>καὶ</em></span> <span class='ocrx_word' id='word_1_113' title='bbox 1669 1128 1820 1182; x_wconf 88' lang='grc' dir='ltr'><em>καθό-</em></span> 
     </span>
     <span class='ocr_line' id='line_1_15' title="bbox 129 1209 1820 1281; baseline -0.002 -16"><span class='ocrx_word' id='word_1_114' title='bbox 129 1219 218 1265; x_wconf 90' lang='grc' dir='ltr'><em>λου</em></span> <span class='ocrx_word' id='word_1_115' title='bbox 264 1211 321 1265; x_wconf 81' lang='grc' dir='ltr'><em>τὰ</em></span> <span class='ocrx_word' id='word_1_116' title='bbox 370 1213 543 1281; x_wconf 89' lang='grc' dir='ltr'><em>δριμέα</em></span> <span class='ocrx_word' id='word_1_117' title='bbox 587 1218 685 1264; x_wconf 89' lang='grc' dir='ltr'><em>τῶν</em></span> <span class='ocrx_word' id='word_1_118' title='bbox 729 1209 1017 1279; x_wconf 87' lang='grc' dir='ltr'><em>βρωμάτων.</em></span> <span class='ocrx_word' id='word_1_119' title='bbox 1093 1217 1243 1264; x_wconf 84' lang='grc' dir='ltr'><em>ταῦτα</em></span> <span class='ocrx_word' id='word_1_120' title='bbox 1290 1211 1379 1278; x_wconf 82' lang='grc' dir='ltr'><em>μὲν</em></span> <span class='ocrx_word' id='word_1_121' title='bbox 1424 1211 1518 1279; x_wconf 82' lang='grc' dir='ltr'><em>γὰρ</em></span> <span class='ocrx_word' id='word_1_122' title='bbox 1565 1212 1820 1279; x_wconf 84' lang='grc' dir='ltr'><em>φθείρεται</em></span> 
     </span>
     <span class='ocr_line' id='line_1_16' title="bbox 129 1290 1818 1364; baseline -0.002 -19"><span class='ocrx_word' id='word_1_123' title='bbox 129 1296 324 1364; x_wconf 75' lang='grc' dir='ltr'><em>ῥαδίως.</em></span> <span class='ocrx_word' id='word_1_124' title='bbox 399 1291 457 1346; x_wconf 78' lang='grc' dir='ltr'><em>τὰ</em></span> <span class='ocrx_word' id='word_1_125' title='bbox 497 1294 668 1361; x_wconf 87' lang='grc' dir='ltr'><em>δριμέα</em></span> <span class='ocrx_word' id='word_1_126' title='bbox 709 1291 762 1344; x_wconf 77' lang='grc' dir='ltr'><em>δὲ</em></span> <span class='ocrx_word' id='word_1_127' title='bbox 799 1290 1052 1358; x_wconf 86' lang='grc' dir='ltr'><em>πνεύματα</em></span> <span class='ocrx_word' id='word_1_128' title='bbox 1089 1299 1227 1346; x_wconf 86' lang='grc' dir='ltr'><em>ποιεῖ</em></span> <span class='ocrx_word' id='word_1_129' title='bbox 1255 1293 1339 1344; x_wconf 82' lang='grc' dir='ltr'><em>καὶ</em></span> <span class='ocrx_word' id='word_1_130' title='bbox 1378 1290 1532 1354; x_wconf 69' lang='grc' dir='ltr'><em>ἄλλως</em></span> <span class='ocrx_word' id='word_1_131' title='bbox 1571 1292 1668 1343; x_wconf 83' lang='grc' dir='ltr'><em>ἐστὶ</em></span> <span class='ocrx_word' id='word_1_132' title='bbox 1706 1313 1818 1359; x_wconf 87' lang='grc' dir='ltr'><em>τμη-</em></span> 
     </span>
     <span class='ocr_line' id='line_1_17' title="bbox 128 1371 1886 1441; baseline -0.001 -14"><span class='ocrx_word' id='word_1_133' title='bbox 128 1373 235 1427; x_wconf 79' lang='grc' dir='ltr'><em>τικὰ</em></span> <span class='ocrx_word' id='word_1_134' title='bbox 275 1375 358 1427; x_wconf 82' lang='grc' dir='ltr'><em>καὶ</em></span> <span class='ocrx_word' id='word_1_135' title='bbox 396 1372 709 1439; x_wconf 86' lang='grc' dir='ltr'><em>λεπτυντικά,</em></span> <span class='ocrx_word' id='word_1_136' title='bbox 748 1371 876 1440; x_wconf 89' lang='grc' dir='ltr'><em>παρὸ</em></span> <span class='ocrx_word' id='word_1_137' title='bbox 916 1373 998 1424; x_wconf 86' lang='grc' dir='ltr'><em>καὶ</em></span> <span class='ocrx_word' id='word_1_138' title='bbox 1037 1374 1116 1425; x_wconf 83' lang='grc' dir='ltr'><em>ἐπὶ</em></span> <span class='ocrx_word' id='word_1_139' title='bbox 1153 1379 1251 1425; x_wconf 91' lang='grc' dir='ltr'><em>τῶν</em></span> <span class='ocrx_word' id='word_1_140' title='bbox 1289 1375 1497 1441; x_wconf 90' lang='grc' dir='ltr'><em>χρονίως</em></span> <span class='ocrx_word' id='word_1_141' title='bbox 1535 1371 1819 1426; x_wconf 82' lang='grc' dir='ltr'><em>νοσούντων</em></span> <span class='ocrx_word' id='word_1_142' title='bbox 1844 1398 1886 1431; x_wconf 87' lang='lat'><em>15</em></span> 
     </span>
     <span class='ocr_line' id='line_1_18' title="bbox 130 1450 1820 1523; baseline -0.001 -16"><span class='ocrx_word' id='word_1_143' title='bbox 130 1459 198 1518; x_wconf 88' lang='grc' dir='ltr'><em>εἰς</em></span> <span class='ocrx_word' id='word_1_144' title='bbox 242 1454 333 1523; x_wconf 83' lang='grc' dir='ltr'><em>τὴν</em></span> <span class='ocrx_word' id='word_1_145' title='bbox 382 1453 490 1509; x_wconf 85' lang='grc' dir='ltr'><em>οἷον</em></span> <span class='ocrx_word' id='word_1_146' title='bbox 539 1454 850 1508; x_wconf 89' lang='grc' dir='ltr'><em>διεκτύλωσιν</em></span> <span class='ocrx_word' id='word_1_147' title='bbox 898 1450 1236 1522; x_wconf 85' lang='grc' dir='ltr'><em>δοκιμάζομεν.</em></span> <span class='ocrx_word' id='word_1_148' title='bbox 1314 1459 1560 1516; x_wconf 82' lang='grc' dir='ltr'><em>παντελῶς</em></span> <span class='ocrx_word' id='word_1_149' title='bbox 1599 1454 1653 1506; x_wconf 93' lang='grc' dir='ltr'><em>δέ</em></span> <span class='ocrx_word' id='word_1_150' title='bbox 1691 1455 1820 1507; x_wconf 89' lang='grc' dir='ltr'><em>ἐστιν</em></span> 
     </span>
     <span class='ocr_line' id='line_1_19' title="bbox 130 1533 1820 1606; baseline 0.001 -18"><span class='ocrx_word' id='word_1_151' title='bbox 130 1534 501 1606; x_wconf 85' lang='grc' dir='ltr'><em>ἀνεπιλόγιστον</em></span> <span class='ocrx_word' id='word_1_152' title='bbox 549 1536 613 1605; x_wconf 83' lang='grc' dir='ltr'><em>μὴ</em></span> <span class='ocrx_word' id='word_1_153' title='bbox 654 1539 874 1590; x_wconf 89' lang='grc' dir='ltr'><em>συνιδεῖν</em></span> <span class='ocrx_word' id='word_1_154' title='bbox 912 1534 984 1588; x_wconf 71' lang='grc' dir='ltr'><em>’ὅτι</em></span> <span class='ocrx_word' id='word_1_155' title='bbox 1022 1533 1078 1587; x_wconf 84' lang='grc' dir='ltr'><em>τὰ</em></span> <span class='ocrx_word' id='word_1_156' title='bbox 1119 1538 1351 1597; x_wconf 81' lang='grc' dir='ltr'><em>ξαίνοντα</em></span> <span class='ocrx_word' id='word_1_157' title='bbox 1389 1536 1468 1588; x_wconf 80' lang='grc' dir='ltr'><em>καὶ</em></span> <span class='ocrx_word' id='word_1_158' title='bbox 1510 1538 1820 1603; x_wconf 85' lang='grc' dir='ltr'><em>ἰσχναίνοντα</em></span> 
     </span>
     <span class='ocr_line' id='line_1_20' title="bbox 130 1615 1819 1687; baseline 0.001 -18"><span class='ocrx_word' id='word_1_159' title='bbox 130 1619 213 1670; x_wconf 83' lang='grc' dir='ltr'><em>καὶ</em></span> <span class='ocrx_word' id='word_1_160' title='bbox 261 1622 472 1687; x_wconf 82' lang='grc' dir='ltr'><em>ρινῶντα</em></span> <span class='ocrx_word' id='word_1_161' title='bbox 517 1617 607 1686; x_wconf 87' lang='grc' dir='ltr'><em>τὴν</em></span> <span class='ocrx_word' id='word_1_162' title='bbox 654 1617 775 1685; x_wconf 73' lang='grc' dir='ltr'><em>ὅλην</em></span> <span class='ocrx_word' id='word_1_163' title='bbox 823 1615 1074 1685; x_wconf 81' lang='grc' dir='ltr'><em>σύγκρισιν</em></span> <span class='ocrx_word' id='word_1_164' title='bbox 1120 1618 1202 1669; x_wconf 86' lang='grc' dir='ltr'><em>καὶ</em></span> <span class='ocrx_word' id='word_1_165' title='bbox 1249 1615 1306 1669; x_wconf 81' lang='grc' dir='ltr'><em>τὰ</em></span> <span class='ocrx_word' id='word_1_166' title='bbox 1344 1618 1705 1684; x_wconf 87' lang='grc' dir='ltr'><em>πεπυκνωμένα</em></span> <span class='ocrx_word' id='word_1_167' title='bbox 1746 1620 1819 1670; x_wconf 85' lang='grc' dir='ltr'><em>δι-</em></span> 
     </span>
     <span class='ocr_line' id='line_1_21' title="bbox 130 1695 1821 1767; baseline 0 -16"><span class='ocrx_word' id='word_1_168' title='bbox 130 1705 426 1766; x_wconf 88' lang='grc' dir='ltr'><em>εκτυλῶντα,</em></span> <span class='ocrx_word' id='word_1_169' title='bbox 478 1705 628 1752; x_wconf 84' lang='grc' dir='ltr'><em>ταῦτα</em></span> <span class='ocrx_word' id='word_1_170' title='bbox 675 1697 757 1751; x_wconf 80' lang='grc' dir='ltr'><em>διὰ</em></span> <span class='ocrx_word' id='word_1_171' title='bbox 803 1703 889 1765; x_wconf 87' lang='grc' dir='ltr'><em>τῆς</em></span> <span class='ocrx_word' id='word_1_172' title='bbox 934 1695 1217 1761; x_wconf 88' lang='grc' dir='ltr'><em>ἀναδόσεως</em></span> <span class='ocrx_word' id='word_1_173' title='bbox 1262 1698 1682 1767; x_wconf 89' lang='grc' dir='ltr'><em>προσμερισθέντα</em></span> <span class='ocrx_word' id='word_1_174' title='bbox 1719 1706 1821 1761; x_wconf 87' lang='grc' dir='ltr'><em>τοῖς</em></span> 
     </span>
     <span class='ocr_line' id='line_1_22' title="bbox 129 1776 1887 1849; baseline -0.001 -17"><span class='ocrx_word' id='word_1_175' title='bbox 129 1785 214 1847; x_wconf 86' lang='grc' dir='ltr'><em>τῆς</em></span> <span class='ocrx_word' id='word_1_176' title='bbox 252 1776 455 1849; x_wconf 70' lang='grc' dir='ltr'><em>ὑστέρας</em></span> <span class='ocrx_word' id='word_1_177' title='bbox 492 1779 660 1843; x_wconf 88' lang='grc' dir='ltr'><em>τόποις</em></span> <span class='ocrx_word' id='word_1_178' title='bbox 697 1777 824 1833; x_wconf 79' lang='grc' dir='ltr'><em>πολὺ</em></span> <span class='ocrx_word' id='word_1_179' title='bbox 864 1784 1047 1846; x_wconf 78' lang='grc' dir='ltr'><em>μᾶλλον</em></span> <span class='ocrx_word' id='word_1_180' title='bbox 1087 1777 1300 1847; x_wconf 80' lang='grc' dir='ltr'><em>διατήξει</em></span> <span class='ocrx_word' id='word_1_181' title='bbox 1338 1777 1390 1831; x_wconf 90' lang='grc' dir='ltr'><em>τὸ</em></span> <span class='ocrx_word' id='word_1_182' title='bbox 1430 1779 1619 1846; x_wconf 88' lang='grc' dir='ltr'><em>σπέρμα</em></span> <span class='ocrx_word' id='word_1_183' title='bbox 1658 1782 1819 1846; x_wconf 78' lang='grc' dir='ltr'><em>μυξῶ-</em></span> <span class='ocrx_word' id='word_1_184' title='bbox 1844 1803 1887 1838; x_wconf 83' lang='lat'><em>20</em></span> 
     </span>
     <span class='ocr_line' id='line_1_23' title="bbox 132 1858 1821 1932; baseline 0 -20"><span class='ocrx_word' id='word_1_185' title='bbox 132 1864 212 1923; x_wconf 89' lang='grc' dir='ltr'><em>δες</em></span> <span class='ocrx_word' id='word_1_186' title='bbox 251 1859 311 1914; x_wconf 74' lang='grc' dir='ltr'><em>ὂν</em></span> <span class='ocrx_word' id='word_1_187' title='bbox 349 1860 466 1915; x_wconf 72' lang='grc' dir='ltr'><em>’ὅλον</em></span> <span class='ocrx_word' id='word_1_188' title='bbox 504 1863 587 1914; x_wconf 86' lang='grc' dir='ltr'><em>καὶ</em></span> <span class='ocrx_word' id='word_1_189' title='bbox 625 1861 763 1915; x_wconf 72' lang='grc' dir='ltr'><em>οὔπω</em></span> <span class='ocrx_word' id='word_1_190' title='bbox 805 1861 1246 1928; x_wconf 88' lang='grc' dir='ltr'><em>διακεκρατημένον</em></span> <span class='ocrx_word' id='word_1_191' title='bbox 1295 1866 1352 1932; x_wconf 82' lang='grc' dir='ltr'><em>τῇ</em></span> <span class='ocrx_word' id='word_1_192' title='bbox 1402 1858 1558 1927; x_wconf 81' lang='grc' dir='ltr'><em>πήξει.</em></span> <span class='ocrx_word' id='word_1_193' title='bbox 1637 1858 1821 1926; x_wconf 88' lang='grc' dir='ltr'><em>φυλάτ-</em></span> 
     </span>
     <span class='ocr_line' id='line_1_24' title="bbox 131 1940 1819 2011; baseline -0.001 -17"><span class='ocrx_word' id='word_1_194' title='bbox 131 1949 302 1994; x_wconf 88' lang='grc' dir='ltr'><em>τεσθαι</em></span> <span class='ocrx_word' id='word_1_195' title='bbox 349 1942 403 1994; x_wconf 80' lang='grc' dir='ltr'><em>δὲ</em></span> <span class='ocrx_word' id='word_1_196' title='bbox 450 1943 533 1994; x_wconf 80' lang='grc' dir='ltr'><em>καὶ</em></span> <span class='ocrx_word' id='word_1_197' title='bbox 578 1945 862 1995; x_wconf 89' lang='grc' dir='ltr'><em>συνουσίαν.</em></span> <span class='ocrx_word' id='word_1_198' title='bbox 931 1941 1015 1993; x_wconf 83' lang='grc' dir='ltr'><em>καὶ</em></span> <span class='ocrx_word' id='word_1_199' title='bbox 1061 1941 1155 2011; x_wconf 80' lang='grc' dir='ltr'><em>γὰρ</em></span> <span class='ocrx_word' id='word_1_200' title='bbox 1201 1943 1283 1994; x_wconf 87' lang='grc' dir='ltr'><em>καὶ</em></span> <span class='ocrx_word' id='word_1_201' title='bbox 1330 1940 1452 2009; x_wconf 70' lang='grc' dir='ltr'><em>αὕτη</em></span> <span class='ocrx_word' id='word_1_202' title='bbox 1499 1944 1695 2009; x_wconf 79' lang='grc' dir='ltr'><em>κίνησιν</em></span> <span class='ocrx_word' id='word_1_203' title='bbox 1741 1943 1819 2009; x_wconf 91' lang='grc' dir='ltr'><em>ἐμ-</em></span> 
     </span>
     <span class='ocr_line' id='line_1_25' title="bbox 130 2020 1822 2091; baseline -0.001 -16"><span class='ocrx_word' id='word_1_204' title='bbox 130 2030 267 2076; x_wconf 87' lang='grc' dir='ltr'><em>ποιεῖ</em></span> <span class='ocrx_word' id='word_1_205' title='bbox 291 2022 571 2091; x_wconf 83' lang='grc' dir='ltr'><em>κοινότερον</em></span> <span class='ocrx_word' id='word_1_206' title='bbox 602 2023 691 2090; x_wconf 80' lang='grc' dir='ltr'><em>μὲν</em></span> <span class='ocrx_word' id='word_1_207' title='bbox 719 2030 821 2085; x_wconf 88' lang='grc' dir='ltr'><em>τοῖς</em></span> <span class='ocrx_word' id='word_1_208' title='bbox 852 2020 984 2085; x_wconf 76' lang='grc' dir='ltr'><em>ὅλοις</em></span> <span class='ocrx_word' id='word_1_209' title='bbox 1015 2021 1220 2091; x_wconf 78' lang='grc' dir='ltr'><em>σώμασι,</em></span> <span class='ocrx_word' id='word_1_210' title='bbox 1261 2021 1463 2090; x_wconf 90' lang='grc' dir='ltr'><em>μάλιστα</em></span> <span class='ocrx_word' id='word_1_211' title='bbox 1495 2022 1549 2074; x_wconf 84' lang='grc' dir='ltr'><em>δὲ</em></span> <span class='ocrx_word' id='word_1_212' title='bbox 1580 2030 1682 2084; x_wconf 85' lang='grc' dir='ltr'><em>τοῖς</em></span> <span class='ocrx_word' id='word_1_213' title='bbox 1712 2023 1822 2090; x_wconf 86' lang='grc' dir='ltr'><em>περὶ</em></span> 
     </span>
     <span class='ocr_line' id='line_1_26' title="bbox 129 2102 1822 2173; baseline 0 -17"><span class='ocrx_word' id='word_1_214' title='bbox 129 2102 220 2171; x_wconf 88' lang='grc' dir='ltr'><em>τὴν</em></span> <span class='ocrx_word' id='word_1_215' title='bbox 258 2102 466 2173; x_wconf 78' lang='grc' dir='ltr'><em>ὑστέραν</em></span> <span class='ocrx_word' id='word_1_216' title='bbox 503 2102 669 2167; x_wconf 87' lang='grc' dir='ltr'><em>τόποις</em></span> <span class='ocrx_word' id='word_1_217' title='bbox 706 2102 908 2172; x_wconf 79' lang='grc' dir='ltr'><em>ἠρεμίας</em></span> <span class='ocrx_word' id='word_1_218' title='bbox 947 2105 1210 2172; x_wconf 89' lang='grc' dir='ltr'><em>δεομένοις.</em></span> <span class='ocrx_word' id='word_1_219' title='bbox 1282 2102 1347 2167; x_wconf 82' lang='grc' dir='ltr'><em>ὦς</em></span> <span class='ocrx_word' id='word_1_220' title='bbox 1386 2103 1479 2173; x_wconf 80' lang='grc' dir='ltr'><em>γὰρ</em></span> <span class='ocrx_word' id='word_1_221' title='bbox 1519 2102 1544 2157; x_wconf 86' lang='grc' dir='ltr'>ὁ</span> <span class='ocrx_word' id='word_1_222' title='bbox 1586 2103 1822 2172; x_wconf 90' lang='grc' dir='ltr'><em>στόμαχος</em></span> 
     </span>
     <span class='ocr_line' id='line_1_27' title="bbox 131 2183 1888 2255; baseline 0.001 -17"><span class='ocrx_word' id='word_1_223' title='bbox 131 2183 326 2253; x_wconf 80' lang='grc' dir='ltr'><em>ἠρεμῶν</em></span> <span class='ocrx_word' id='word_1_224' title='bbox 366 2185 454 2253; x_wconf 81' lang='grc' dir='ltr'><em>μὲν</em></span> <span class='ocrx_word' id='word_1_225' title='bbox 492 2186 731 2255; x_wconf 85' lang='grc' dir='ltr'><em>ἐγκατέχει</em></span> <span class='ocrx_word' id='word_1_226' title='bbox 761 2183 852 2252; x_wconf 86' lang='grc' dir='ltr'><em>τὴν</em></span> <span class='ocrx_word' id='word_1_227' title='bbox 881 2183 1089 2252; x_wconf 84' lang='grc' dir='ltr'><em>τροφήν,</em></span> <span class='ocrx_word' id='word_1_228' title='bbox 1127 2184 1473 2253; x_wconf 89' lang='grc' dir='ltr'><em>τινασσόμενος</em></span> <span class='ocrx_word' id='word_1_229' title='bbox 1505 2184 1558 2236; x_wconf 83' lang='grc' dir='ltr'><em>δὲ</em></span> <span class='ocrx_word' id='word_1_230' title='bbox 1589 2183 1821 2247; x_wconf 89' lang='grc' dir='ltr'><em>πολλάκις</em></span> <span class='ocrx_word' id='word_1_231' title='bbox 1845 2207 1888 2242; x_wconf 86' lang='lat'><em>25</em></span> 
     </span>
     <span class='ocr_line' id='line_1_28' title="bbox 130 2256 1819 2335; baseline 0 -17"><span class='ocrx_word' id='word_1_232' title='bbox 130 2263 414 2335; x_wconf 85' lang='grc' dir='ltr'><em>ἀπορρίπτει</em></span> <span class='ocrx_word' id='word_1_233' title='bbox 459 2264 510 2320; x_wconf 88' lang='grc' dir='ltr'><em>τὸ</em></span> <span class='ocrx_word' id='word_1_234' title='bbox 559 2267 757 2334; x_wconf 81' lang='grc' dir='ltr'><em>ληφθὲν</em></span> <span class='ocrx_word' id='word_1_235' title='bbox 803 2263 868 2318; x_wconf 83' lang='grc' dir='ltr'><em>δι’</em></span> <span class='ocrx_word' id='word_1_236' title='bbox 911 2266 1108 2332; x_wconf 83' lang='grc' dir='ltr'><em>ἐμέτων,</em></span> <span class='ocrx_word' id='word_1_237' title='bbox 1162 2265 1318 2329; x_wconf 69' lang='grc' dir='ltr'><em>οὕτως</em></span> <span class='ocrx_word' id='word_1_238' title='bbox 1367 2267 1450 2318; x_wconf 84' lang='grc' dir='ltr'><em>καὶ</em></span> <span class='ocrx_word' id='word_1_239' title='bbox 1486 2262 1518 2333; x_wconf 80' lang='grc' dir='ltr'>ἡ</span> <span class='ocrx_word' id='word_1_240' title='bbox 1559 2261 1715 2334; x_wconf 81' lang='grc' dir='ltr'><em>μήτρα</em></span> <span class='ocrx_word' id='word_1_241' title='bbox 1755 2256 1819 2333; x_wconf 79' lang='grc' dir='ltr'><em>μὴ</em></span> 
     </span>
    </p>
   </div>
   <div class='ocr_carea' id='block_1_4' title="bbox 131 2429 1822 2906">
    <p class='ocr_par' dir='ltr' id='par_1_4' title="bbox 131 2429 1820 2903">
     <span class='ocr_line' id='line_1_29' title="bbox 254 2429 1721 2505; baseline -0.001 -28"><span class='ocrx_word' id='word_1_242' title='bbox 254 2439 277 2477; x_wconf 94' lang='grc'><strong>1</strong></span> <span class='ocrx_word' id='word_1_243' title='bbox 310 2429 666 2504; x_wconf 78' lang='grc' dir='ltr'><em>ὑπολαμβάνειν</em></span> <span class='ocrx_word' id='word_1_244' title='bbox 699 2432 803 2488; x_wconf 81' lang='lat' dir='ltr'>(sic)</span> <span class='ocrx_word' id='word_1_245' title='bbox 837 2447 860 2477; x_wconf 86' lang='lat'><em>0</em></span> <span class='ocrx_word' id='word_1_246' title='bbox 888 2433 1026 2502; x_wconf 84' lang='lat' dir='ltr'>(corr.</span> <span class='ocrx_word' id='word_1_247' title='bbox 1059 2432 1111 2487; x_wconf 87' lang='lat' dir='ltr'><em>E,</em></span> <span class='ocrx_word' id='word_1_248' title='bbox 1143 2436 1197 2478; x_wconf 72' lang='lat' dir='ltr'><em>ub</em></span> <span class='ocrx_word' id='word_1_249' title='bbox 1228 2447 1388 2505; x_wconf 85' lang='lat' dir='ltr'>apogr.</span> <span class='ocrx_word' id='word_1_250' title='bbox 1421 2432 1459 2475; x_wconf 93' lang='lat' dir='ltr'>B</span> <span class='ocrx_word' id='word_1_251' title='bbox 1491 2433 1616 2490; x_wconf 86' lang='lat' dir='ltr'><strong>apud</strong></span> <span class='ocrx_word' id='word_1_252' title='bbox 1647 2431 1721 2490; x_wconf 89' lang='lat' dir='ltr'><em>D).</em></span> 
     </span>
     <span class='ocr_line' id='line_1_30' title="bbox 133 2487 1822 2561; baseline -0.001 -25"><span class='ocrx_word' id='word_1_253' title='bbox 133 2497 159 2536; x_wconf 81' lang='lat'>5</span> <span class='ocrx_word' id='word_1_254' title='bbox 193 2488 270 2536; x_wconf 84' lang='grc' dir='ltr'><em>ἐπ’</em></span> <span class='ocrx_word' id='word_1_255' title='bbox 306 2487 428 2537; x_wconf 74' lang='grc' dir='ltr'><em>αὐτὰ</em></span> <span class='ocrx_word' id='word_1_256' title='bbox 460 2491 640 2548; x_wconf 79' lang='grc' dir='ltr'><em>(ἔπειτα</em></span> <span class='ocrx_word' id='word_1_257' title='bbox 673 2493 728 2549; x_wconf 86' lang='grc' dir='ltr'><em>Ε)</em></span> <span class='ocrx_word' id='word_1_258' title='bbox 764 2490 816 2536; x_wconf 78' lang='grc' dir='ltr'><em>δὲ</em></span> <span class='ocrx_word' id='word_1_259' title='bbox 849 2488 935 2547; x_wconf 89' lang='grc' dir='ltr'><em>τὴν</em></span> <span class='ocrx_word' id='word_1_260' title='bbox 968 2492 1199 2561; x_wconf 83' lang='grc' dir='ltr'><em>δευτέραν</em></span> <span class='ocrx_word' id='word_1_261' title='bbox 1229 2489 1411 2550; x_wconf 79' lang='grc' dir='ltr'><em>ἡμέραν</em></span> <span class='ocrx_word' id='word_1_262' title='bbox 1443 2506 1480 2537; x_wconf 82' lang='lat' dir='ltr'><em>c.</em></span> <span class='ocrx_word' id='word_1_263' title='bbox 1618 2496 1643 2536; x_wconf 90' lang='grc'><strong>9</strong></span> <span class='ocrx_word' id='word_1_264' title='bbox 1678 2487 1822 2545; x_wconf 77' lang='grc' dir='ltr'><em>αὐξα-</em></span> 
     </span>
     <span class='ocr_line' id='line_1_31' title="bbox 132 2547 1820 2623; baseline -0.001 -28"><span class='ocrx_word' id='word_1_265' title='bbox 132 2551 345 2622; x_wconf 83' lang='grc' dir='ltr'><em>νομένων</em></span> <span class='ocrx_word' id='word_1_266' title='bbox 377 2566 402 2597; x_wconf 80' lang='lat' dir='ltr'>c</span> <span class='ocrx_word' id='word_1_267' title='bbox 417 2553 567 2623; x_wconf 84' lang='lat' dir='ltr'>(corr.</span> <span class='ocrx_word' id='word_1_268' title='bbox 599 2551 671 2609; x_wconf 89' lang='grc' dir='ltr'><em>Ε).</em></span> <span class='ocrx_word' id='word_1_269' title='bbox 857 2555 911 2595; x_wconf 98' lang='grc'><strong>12</strong></span> <span class='ocrx_word' id='word_1_270' title='bbox 945 2547 1156 2596; x_wconf 80' lang='grc' dir='ltr'><em>καθόλου</em></span> <span class='ocrx_word' id='word_1_271' title='bbox 1189 2551 1351 2597; x_wconf 85' lang='lat' dir='ltr'>addidi</span> <span class='ocrx_word' id='word_1_272' title='bbox 1381 2553 1488 2607; x_wconf 91' lang='lat' dir='ltr'>(om.</span> <span class='ocrx_word' id='word_1_273' title='bbox 1524 2553 1581 2609; x_wconf 87' lang='lat' dir='ltr'><em>c).</em></span> <span class='ocrx_word' id='word_1_274' title='bbox 1765 2555 1820 2594; x_wconf 85' lang='grc'><em>14</em></span> 
     </span>
     <span class='ocr_line' id='line_1_32' title="bbox 131 2605 1820 2680; baseline -0.001 -26"><span class='ocrx_word' id='word_1_275' title='bbox 131 2608 380 2667; x_wconf 85' lang='grc' dir='ltr'><em>πνεύματα</em></span> <span class='ocrx_word' id='word_1_276' title='bbox 412 2605 485 2655; x_wconf 78' lang='grc' dir='ltr'><em>ὅτι</em></span> <span class='ocrx_word' id='word_1_277' title='bbox 515 2611 676 2657; x_wconf 82' lang='grc' dir='ltr'><em>καὶ..</em></span> <span class='ocrx_word' id='word_1_278' title='bbox 719 2625 743 2656; x_wconf 83' lang='lat' dir='ltr'>c</span> <span class='ocrx_word' id='word_1_279' title='bbox 776 2612 1073 2680; x_wconf 84' lang='grc' dir='ltr'><em>(πνευματοῑ</em></span> <span class='ocrx_word' id='word_1_280' title='bbox 1088 2611 1170 2655; x_wconf 84' lang='grc' dir='ltr'><em>καὶ</em></span> <span class='ocrx_word' id='word_1_281' title='bbox 1199 2610 1251 2668; x_wconf 86' lang='grc' dir='ltr'><em>Ε,</em></span> <span class='ocrx_word' id='word_1_282' title='bbox 1285 2611 1342 2657; x_wconf 84' lang='lat' dir='ltr'><em>cf.</em></span> <span class='ocrx_word' id='word_1_283' title='bbox 1375 2610 1449 2668; x_wconf 89' lang='lat' dir='ltr'><em>D).</em></span> <span class='ocrx_word' id='word_1_284' title='bbox 1574 2615 1629 2655; x_wconf 89' lang='grc'><em>16</em></span> <span class='ocrx_word' id='word_1_285' title='bbox 1660 2627 1698 2654; x_wconf 91' lang='grc' dir='ltr'><em>τ.</em></span> <span class='ocrx_word' id='word_1_286' title='bbox 1718 2607 1820 2653; x_wconf 87' lang='grc' dir='ltr'><em>οἷον</em></span> 
     </span>
     <span class='ocr_line' id='line_1_33' title="bbox 134 2665 1741 2740; baseline -0.001 -26"><span class='ocrx_word' id='word_1_287' title='bbox 134 2666 384 2714; x_wconf 80' lang='grc' dir='ltr'><em>ἐκτύλωσιν</em></span> <span class='ocrx_word' id='word_1_288' title='bbox 417 2683 441 2714; x_wconf 84' lang='lat' dir='ltr'>c</span> <span class='ocrx_word' id='word_1_289' title='bbox 475 2668 549 2727; x_wconf 87' lang='lat' dir='ltr'><strong>(cf.</strong></span> <span class='ocrx_word' id='word_1_290' title='bbox 583 2673 750 2726; x_wconf 85' lang='lat' dir='ltr'>v.18).</span> <span class='ocrx_word' id='word_1_291' title='bbox 875 2674 928 2714; x_wconf 84' lang='lat'><em>19</em></span> <span class='ocrx_word' id='word_1_292' title='bbox 960 2665 1081 2714; x_wconf 78' lang='grc' dir='ltr'><em>πολὺ</em></span> <span class='ocrx_word' id='word_1_293' title='bbox 1114 2672 1241 2727; x_wconf 74' lang='lat' dir='ltr'>(post</span> <span class='ocrx_word' id='word_1_294' title='bbox 1270 2670 1438 2727; x_wconf 82' lang='grc' dir='ltr'><em>ταῦτα)</em></span> <span class='ocrx_word' id='word_1_295' title='bbox 1472 2684 1496 2714; x_wconf 84' lang='lat' dir='ltr'>c</span> <span class='ocrx_word' id='word_1_296' title='bbox 1530 2668 1637 2740; x_wconf 87' lang='lat' dir='ltr'><strong>(del.</strong></span> <span class='ocrx_word' id='word_1_297' title='bbox 1669 2668 1741 2738; x_wconf 86' lang='lat' dir='ltr'><em>E).</em></span> 
     </span>
     <span class='ocr_line' id='line_1_34' title="bbox 133 2722 1819 2787; baseline -0.001 -15"><span class='ocrx_word' id='word_1_298' title='bbox 133 2744 321 2786; x_wconf 87' lang='grc' dir='ltr'><em>προμερ</em></span> <span class='ocrx_word' id='word_1_299' title='bbox 356 2742 381 2773; x_wconf 82' lang='lat' dir='ltr'>c</span> <span class='ocrx_word' id='word_1_300' title='bbox 413 2731 546 2785; x_wconf 82' lang='lat' dir='ltr'>(corr.</span> <span class='ocrx_word' id='word_1_301' title='bbox 578 2730 650 2786; x_wconf 82' lang='lat' dir='ltr'><em>E).</em></span> <span class='ocrx_word' id='word_1_302' title='bbox 773 2733 829 2773; x_wconf 83' lang='lat'><em>20</em></span> <span class='ocrx_word' id='word_1_303' title='bbox 862 2726 1128 2785; x_wconf 77' lang='grc' dir='ltr'><em>ὃιατήξειεν</em></span> <span class='ocrx_word' id='word_1_304' title='bbox 1161 2730 1263 2787; x_wconf 85' lang='lat' dir='ltr'><strong>(sic)</strong></span> <span class='ocrx_word' id='word_1_305' title='bbox 1296 2744 1332 2776; x_wconf 82' lang='lat' dir='ltr'><em>c.</em></span> <span class='ocrx_word' id='word_1_306' title='bbox 1455 2733 1508 2773; x_wconf 94' lang='grc'><strong>21</strong></span> <span class='ocrx_word' id='word_1_307' title='bbox 1543 2723 1674 2772; x_wconf 72' lang='grc' dir='ltr'><em>ολοντ</em></span> <span class='ocrx_word' id='word_1_308' title='bbox 1708 2722 1819 2771; x_wconf 82' lang='grc' dir='ltr'><em>ὅσον</em></span> 
     </span>
     <span class='ocr_line' id='line_1_35' title="bbox 133 2783 1819 2846; baseline -0.001 -15"><span class='ocrx_word' id='word_1_309' title='bbox 133 2801 170 2831; x_wconf 84' lang='lat' dir='ltr'><em>c.</em></span> <span class='ocrx_word' id='word_1_310' title='bbox 322 2791 377 2831; x_wconf 83' lang='lat'><em>22</em></span> <span class='ocrx_word' id='word_1_311' title='bbox 410 2787 488 2831; x_wconf 78' lang='grc' dir='ltr'><em>καὶ</em></span> <span class='ocrx_word' id='word_1_312' title='bbox 522 2790 649 2843; x_wconf 73' lang='lat' dir='ltr'>(ante</span> <span class='ocrx_word' id='word_1_313' title='bbox 682 2784 824 2845; x_wconf 77' lang='grc' dir='ltr'><em>αὐτὴ)</em></span> <span class='ocrx_word' id='word_1_314' title='bbox 857 2802 945 2832; x_wconf 92' lang='lat' dir='ltr'><em>om.</em></span> <span class='ocrx_word' id='word_1_315' title='bbox 981 2802 1005 2832; x_wconf 87' lang='lat' dir='ltr'>c</span> <span class='ocrx_word' id='word_1_316' title='bbox 1037 2788 1159 2844; x_wconf 86' lang='lat' dir='ltr'><strong>(add.</strong></span> <span class='ocrx_word' id='word_1_317' title='bbox 1193 2789 1264 2846; x_wconf 90' lang='lat' dir='ltr'><em>E).</em></span> <span class='ocrx_word' id='word_1_318' title='bbox 1394 2793 1451 2833; x_wconf 87' lang='grc'><strong>24</strong></span> <span class='ocrx_word' id='word_1_319' title='bbox 1482 2783 1685 2843; x_wconf 78' lang='grc' dir='ltr'><em>ὑστέραν</em></span> <span class='ocrx_word' id='word_1_320' title='bbox 1717 2783 1819 2842; x_wconf 78' lang='lat' dir='ltr'>(sic)</span> 
     </span>
     <span class='ocr_line' id='line_1_36' title="bbox 133 2842 1062 2906; baseline 0 -16"><span class='ocrx_word' id='word_1_321' title='bbox 133 2860 157 2890; x_wconf 86' lang='lat' dir='ltr'>c</span> <span class='ocrx_word' id='word_1_322' title='bbox 190 2848 299 2903; x_wconf 87' lang='lat' dir='ltr'>(non</span> <span class='ocrx_word' id='word_1_323' title='bbox 331 2842 596 2906; x_wconf 80' lang='grc' dir='ltr'><em>ἀριστερὰν,</em></span> <span class='ocrx_word' id='word_1_324' title='bbox 630 2849 682 2892; x_wconf 73' lang='lat' dir='ltr'><em>ut</em></span> <span class='ocrx_word' id='word_1_325' title='bbox 712 2847 958 2903; x_wconf 75' lang='lat' dir='ltr'><strong>exscripsit</strong></span> <span class='ocrx_word' id='word_1_326' title='bbox 988 2846 1062 2903; x_wconf 91' lang='lat' dir='ltr'><em>D).</em></span> 
     </span>
    </p>
   </div>
  </div>
 </body>
</html>
