2014 3162
234 301 459 367 partibus
499 303 619 367 ipsis
658 301 784 352 bene
816 304 1099 367 inponimus
1140 308 1190 351 et
1228 302 1326 352 huc
1357 309 1504 367 atque
1528 301 1645 352 illuc
1670 302 1922 353 trahentes

235 374 475 425 violenter
514 376 820 428 adducimus,
880 378 1019 441 aquis
1060 378 1206 425 etiam
1246 375 1415 425 calidis
1447 378 1535 442 uti,
1575 383 1624 426 et
1654 378 1918 427 novissime

235 450 384 499 etiam
422 451 474 499 in
514 450 689 516 frigida
728 449 1033 500 descendere
1072 451 1420 515 permittimus,

116 620 211 678 (5⁷)
691 608 795 663 VII
848 609 925 663 De
962 609 1175 663 tumore
1214 607 1476 662 matricis,

189 724 211 758 5
346 710 480 784 (34.)
523 715 699 765 Matrix
739 731 850 765 cum
890 717 941 764 in
982 723 1175 764 tumore
1219 715 1384 780 fuerit,
1421 713 1543 763 haec
1582 715 1720 779 signa
1751 729 1924 764 occur·

233 794 367 838 runt.
445 790 626 839 duritia
667 788 759 839 sub
799 788 1031 838 umbilico
1073 804 1188 838 cum
1227 788 1436 853 quadam
1475 787 1727 837 inflatione
1768 789 1837 837 ita
1867 794 1924 838 ut

234 877 349 912 cum
388 862 539 928 digito
578 865 823 928 premitur
861 863 1061 913 recedat
1111 869 1161 912 et
1198 861 1512 928 postmodum
1562 877 1615 910 se
1655 860 1924 928 recolligat,

234 937 364 986 cutis
411 942 576 986 autem
627 938 815 986 ventris
867 952 1012 987 suum
1052 936 1269 986 colorem
1309 950 1408 984 non
1447 934 1625 985 habeat
1663 943 1713 985 et
1753 935 1919 1001 digitis

236 1009 462 1060 adductis
502 1017 752 1095 sequatur.

167 1094 210 1125 10
346 1085 492 1133 etiam
531 1085 583 1133 in
614 1083 706 1133 hac
744 1085 972 1150 passione
1014 1099 1070 1132 ea
1101 1082 1392 1132 adhibemus
1425 1097 1549 1147 quae
1582 1083 1633 1132 in
1668 1082 1922 1132 inflatione

234 1159 454 1207 matricis
504 1164 620 1207 sunt
669 1159 853 1224 posita,
906 1165 962 1207 ut
1001 1163 1113 1222 post
1153 1156 1511 1222 encolpismum
1551 1155 1646 1206 olei
1686 1156 1923 1222 simplicis

233 1238 282 1280 et
320 1230 380 1281 de
421 1230 529 1280 oleo
569 1232 773 1297 cyprino
814 1238 864 1281 et
901 1233 1030 1280 irino
1070 1229 1447 1296 encolpizemus.

113 1402 206 1458 (61)
677 1389 809 1444 VIII
861 1390 938 1444 De
979 1387 1188 1444 duritia
1225 1389 1492 1444 matricis,

340 1491 474 1565 (35.)
515 1496 847 1547 Praecedente
873 1498 1065 1547 fervore
1091 1496 1273 1545 duritia
1296 1496 1515 1545 matricis
1547 1495 1774 1545 efficitur.
1811 1510 1924 1545 nam

168 1579 208 1613 15
233 1570 494 1635 aliquando
533 1573 764 1620 universa
803 1571 1038 1636 durescit,
1079 1569 1339 1634 aliquando
1378 1584 1492 1634 pars
1533 1569 1709 1634 aliqua.
1785 1571 1924 1634 signa

231 1651 396 1693 autem
435 1644 555 1693 haec
594 1644 755 1694 habet.
834 1659 860 1693 a
902 1645 1023 1693 foris
1072 1644 1253 1692 duritia
1292 1642 1492 1707 grandis
1531 1645 1804 1709 invenitur,
1857 1645 1924 1692 ita

230 1725 287 1766 ut
325 1733 439 1767 cum
472 1718 637 1782 digitis
669 1718 821 1767 fuerit
853 1719 1119 1767 exercitius
1152 1732 1338 1781 pressa,
1377 1724 1632 1780 torporem
1677 1716 1923 1781 quendam

230 1790 409 1841 mulier
467 1793 659 1840 sentiat.
736 1799 786 1841 et
841 1806 954 1840 cum
1009 1792 1222 1840 creverit
1261 1792 1367 1854 ipsa
1420 1789 1626 1856 duritia,
1681 1789 1923 1840 evolvitur

230 1864 371 1913 dolor
410 1865 470 1914 ad
509 1879 657 1914 renes
691 1874 740 1915 et
770 1867 988 1930 inguina,
1028 1872 1077 1913 et
1107 1863 1319 1929 gravedo
1352 1879 1501 1928 supra
1532 1865 1781 1928 pectinem
1813 1879 1923 1913 sen-

163 1949 207 1981 20
229 1939 397 1987 tietur.
476 1940 518 1988 si
571 1954 688 1988 vero
743 1941 794 1988 in
849 1938 973 1988 collo
1013 1939 1231 1987 matricis
1272 1938 1424 1987 fuerit
1471 1937 1678 2003 duritia,
1735 1953 1762 1986 a
1801 1937 1923 1988 foris
2013 1999 2014 2012 ἵ

231 2011 431 2075 quidem
470 2012 635 2062 nullus
678 2019 843 2062 tumor
882 2014 1146 2061 invenitur.
1215 2027 1329 2060 cum
1354 2005 1534 2060 ⁴autem
1573 2010 1815 2061 obstetrix
1853 2011 1922 2061 di-

231 2087 388 2149 gitum
442 2087 631 2135 miserit
685 2088 736 2135 in
792 2086 1034 2135 orificium
1084 2086 1325 2150 matricis,
1379 2084 1449 2134 ibi
1495 2084 1676 2135 duritia
1721 2091 1921 2150 patente

350 2247 376 2286 3
408 2241 582 2298 frigida.
612 2243 684 2297 bl,
717 2241 875 2299 frigda.
905 2243 946 2286 h.
1099 2241 1408 2298 7postmods1
1440 2242 1513 2286 bl·
1547 2242 1652 2298 post
1682 2240 1920 2285 modicum

231 2302 260 2344 h
293 2298 427 2357 (μετὰ
462 2298 610 2358 βραχὺ
644 2301 779 2358 Sor..)
887 2315 936 2345 se
966 2300 1214 2358 recolligat
1244 2301 1292 2344 b:
1325 2299 1494 2344 iberum
1527 2314 1574 2344 se
1607 2300 1856 2357 recolligat
1890 2302 1920 2355 Ζ,

231 2374 279 2404 se
313 2359 508 2417 colligat
536 2361 577 2405 h.
701 2366 728 2406 8
759 2374 853 2405 non
885 2361 956 2404 bl:
989 2373 1072 2405 om
1097 2361 1324 2403 h.10
1357 2373 1412 2403 ea
1442 2361 1489 2403 h:
1524 2360 1640 2404 haec
1673 2359 1778 2427 (hec
1802 2360 1919 2415 l)bl.

322 2424 373 2462 11
409 2419 806 2487 postencolpismo
840 2420 879 2474 b,
911 2421 1078 2476 posten
1107 2418 1346 2474 uulpismu
1378 2419 1408 2473 Ζ,
1439 2420 1608 2475 posten
1639 2417 1919 2475 colpismum

231 2478 272 2522 h.
360 2477 452 2522 olei
483 2477 706 2534 simplicis
740 2479 889 2523 eciam
921 2478 978 2522 de
1011 2492 1050 2522 o.
1082 2478 1132 2522 h·
1167 2476 1270 2521 oleo
1302 2477 1504 2533 simplici
1537 2477 1618 2521 sed
1650 2477 1688 2521 Sc
1719 2478 1777 2521 de
1811 2491 1851 2522 o.
1877 2478 1917 2522 b.

322 2541 374 2580 12
414 2536 549 2591 yrino
583 2538 684 2580 blh
839 2542 893 2581 13
943 2536 1022 2581 Ad
1051 2537 1132 2581 hoc
1163 2549 1260 2592 cap.
1295 2536 1364 2591 (in
1394 2537 1568 2592 yraecis
1598 2537 1825 2591 mutilum)
1858 2537 1915 2591 cf.

230 2595 337 2641 add,
371 2596 448 2639 lat.
483 2596 555 2651 (ex
587 2596 767 2640 Sorano
794 2596 968 2651 partim
1000 2597 1202 2648 ductum)
1235 2608 1310 2650 ap.
1347 2594 1470 2639 Orib.
1504 2597 1581 2640 lat.
1625 2594 1714 2649 VI,
1739 2598 1848 2640 372.

233 2657 288 2698 15
322 2654 527 2698 durescit
556 2655 606 2697 h:
640 2657 771 2699 -cunt
803 2656 866 2700 bl.
993 2659 1045 2698 17
1077 2655 1313 2711 torperem
1339 2654 1438 2710 (sic)
1464 2654 1514 2698 h:
1548 2653 1756 2698 dolorem
1788 2654 1855 2698 bl.

233 2716 288 2756 18
324 2713 552 2757 evolvibur
584 2714 632 2758 b:
673 2712 927 2758 revolvitur
959 2715 996 2768 Ζ,
1029 2713 1266 2758 revolutus
1297 2713 1339 2756 h.
1493 2717 1546 2756 19
1580 2713 1728 2768 sent(c
1751 2713 1918 2768 b)ietur
1976 2767 1978 2770 y

230 2772 283 2815 bl
293 2789 303 2815 ε
337 2771 573 2816 senciatur
602 2773 644 2817 h.
790 2777 844 2816 21
878 2772 1068 2829 quidem
1092 2797 1147 2803 —
1173 2771 1352 2815 miserit
1382 2772 1503 2816 solus
1533 2772 1585 2815 h.-
1616 2784 1699 2816 om.
1733 2772 1796 2816 bl.

230 2834 286 2874 22
321 2831 496 2874 orificio
530 2832 570 2884 b,
604 2832 687 2875 -fiz
719 2832 837 2887 (-um
853 2833 914 2888 h).
1038 2831 1086 2875 et
1117 2829 1309 2887 patente
1343 2831 1516 2875 orificio
1547 2831 1577 2875 i.
1605 2832 1630 2875 b
1656 2831 1807 2886 (omisi
1829 2833 1917 2887 et):

230 2891 302 2934 est
334 2891 382 2934 et
412 2891 604 2947 patente
637 2889 815 2935 orificifi
846 2891 875 2935 i.
909 2892 938 2945 Ζ,
973 2892 1020 2935 eb
1050 2891 1241 2947 patente
1274 2889 1500 2934 orificium
1533 2889 1773 2946 (inveniet)
1805 2891 1848 2935 h.
