2014 3162
732 104 1134 157 —255—

82 241 178 300 λῶς
215 236 304 305 μὲν
341 236 421 290 ἐπὶ
457 242 556 290 τῶν
594 234 818 306 ἀρρένων
855 237 1088 299 πιέζουσα
1125 235 1216 305 τὴν
1254 239 1462 305 ἕνδεσιν,
1502 245 1684 307 μᾶλλον
1717 241 1772 293 δὲ

81 316 140 372 τὰ
177 315 298 371 κατὰ
337 315 452 380 τοὺς
491 316 703 386 μαστοὺς
743 321 1020 388 σφίγγουσα
1062 319 1142 370 ε’πὶ
1180 317 1278 371 τῶν
1309 321 1542 387 θηλειῶν,
1581 318 1772 374 ἀνιεῖσα

83 399 150 457 δὲ,
165 397 220 452 τὸ
250 399 362 467 περὶ
390 397 482 467 τὴν
513 397 692 466 ὀσφύν.
732 400 1112 468 ἐυπρεπέστερον
1142 398 1236 469 γάρ
1261 400 1390 452 ἐστιν
1413 400 1492 452 ἐπὶ
1521 408 1772 469 γυναικῶν

81 486 220 535 τοῦτο
273 478 326 533 τὸ
381 485 556 549 σχῆμα.
636 479 752 548 μετὰ
801 481 856 533 δὲ
901 486 1050 534 ταῦτα
1096 486 1446 549 σπαργανοῦσα
1492 480 1595 533 κατ’
1640 485 1772 535 ἰδίαν

84 559 309 630 ἑκάτερον
347 567 446 614 τῶν
485 568 682 616 σκελῶν.
743 560 796 616 τὸ
835 560 928 632 γὰρ
975 560 1263 631 ζυγώσασαν
1302 560 1425 614 αὐτὰ
1456 561 1620 631 γυμνὰ
1654 580 1770 616 συν-
1794 585 1816 617 5

83 645 358 711 επιδεσμεῐν
389 640 514 710 ὁμοῦ
537 642 794 711 ποιητικόν
833 644 963 696 ε’στιν
997 642 1255 706 ἕλκώσεως.
1319 641 1384 706 ὥς
1414 642 1507 713 γὰρ
1547 646 1630 696 καὶ
1660 666 1773 712 τρυ-

83 728 249 792 φερῶν
294 721 458 792 ἀκμὴν
504 725 572 777 ἔτι
616 730 716 777 τῶν
770 723 1008 792 σωμάτων
1055 722 1086 792 ἡ
1133 723 1408 792 παράθεσις
1454 730 1511 796 τῇ
1557 725 1773 793 πυρώσει

79 805 258 873 ταχέως
305 806 524 859 ἕπικαίει.
601 804 688 868 τὰς
735 806 790 858 δὲ
837 804 1155 874 περιειλήσεις
1201 811 1299 858 τῶν
1344 804 1637 874 τελαμώνων
1682 807 1774 870 ἕως

81 884 248 952 ἀκρων
284 889 525 940 ποιείσθω
567 884 839 952 δακτύλων,
879 884 1069 939 ἀνιεῖσα
1102 886 1190 953 μὲν
1219 884 1277 938 τὰ
1301 885 1424 939 κατὰ
1447 885 1561 950 τοὺς
1586 886 1774 955 μηροὺς

81 968 164 1020 καὶ
199 965 285 1030 τὰς
322 971 734 1036 γαστροκνημίας,
783 970 1060 1036 σφίγγουσα
1108 967 1160 1019 δὲ
1199 965 1256 1019 τὰ
1298 966 1422 1035 πρὸς
1460 974 1560 1030 τοῖς
1597 967 1771 1035 γόνασι
1796 990 1838 1021 10

81 1049 164 1108 καὶ
200 1055 305 1111 ταῖς
343 1046 536 1117 ἰγνύαις
574 1047 631 1100 τά
669 1070 717 1101 τε
757 1046 879 1101 κατὰ
917 1047 1032 1111 τοὺς
1070 1047 1278 1116 ταρσούς
1309 1069 1356 1101 τε
1387 1050 1470 1101 καὶ
1500 1046 1558 1101 τὰ
1588 1047 1772 1117 σφυρά,
1813 1075 1817 1080 ·

81 1131 163 1182 ἵνα
207 1127 265 1182 τὰ
314 1129 402 1197 μὲν
439 1128 574 1204 ἄκρα,
603 1128 903 1197 πλατύνηται
939 1135 1037 1182 τῶν
1075 1132 1272 1197 ποδῶν,
1311 1128 1369 1182 τὰ
1409 1130 1463 1182 δὲ
1502 1131 1622 1197 μέσα
1661 1147 1775 1182 συν-

81 1209 269 1280 άγηται.
347 1209 463 1278 μετὰ
519 1211 572 1263 δὲ
618 1216 767 1264 ταῦτα
805 1210 1189 1279 παραβάλλουσα
1227 1210 1342 1274 τοὺς
1381 1212 1469 1278 μὲν
1508 1215 1775 1280 βραχίονας

80 1299 180 1355 τοῖς
232 1299 486 1361 πλευροῖς,
541 1291 657 1355 τούς
712 1292 765 1345 δὲ
819 1290 978 1355 πόδας
1027 1289 1275 1359 ἀλλήλοις,
1326 1299 1499 1345 πλατεῖ
1537 1298 1773 1361 τελαμῶνι

83 1379 382 1442 κυκλοτερῶς
421 1372 537 1427 ’ὅλον
575 1372 628 1427 τὸ
669 1375 856 1443 βρέφος
896 1372 995 1427 ἀπὸ
1027 1370 1259 1442 θώρακος
1291 1373 1402 1442 ἅχρι
1428 1377 1600 1427 ποδῶν
1622 1395 1772 1426 κατει·
1799 1396 1841 1428 15

82 1457 230 1508 λείτω.
307 1456 738 1523 παραβεβλημέναι
786 1454 879 1524 γὰρ
928 1458 983 1507 αἰ
1024 1462 1178 1524 χεῖρες
1224 1456 1435 1508 ἔνδοθεν
1472 1461 1559 1523 τῆς
1596 1476 1774 1523 περιει-

81 1535 265 1604 λήσεως
313 1538 382 1598 εἰς
421 1537 613 1588 ἔκτασιν
652 1537 918 1598 ἐθίζονται.
995 1538 1286 1604 παχυντικαὶ
1324 1534 1417 1606 γὰρ
1455 1542 1552 1589 τῶν
1583 1535 1775 1606 νεύρων

82 1621 138 1670 αἱ
172 1618 308 1686 μέχρι
345 1619 570 1680 πλείονος
609 1623 707 1670 τῶν
746 1616 956 1685 ἄρθρων
997 1619 1086 1669 εἰσὶ
1127 1616 1370 1680 συζεύξεις
1410 1612 1529 1670 ὥστε
1567 1618 1650 1669 καὶ
1692 1615 1775 1686 ἀγ-

81 1698 233 1762 κύλας
257 1699 518 1766 ἐπιφέρειν.
555 1704 620 1771 τῷ
640 1699 804 1766 μέντοι
830 1705 1285 1768 προσκατειλεῖσθαι
1306 1696 1364 1750 τὰ
1389 1698 1523 1766 χέρια
1539 1696 1775 1751 κωλύεται

82 1778 135 1834 τὸ
191 1778 273 1832 διὰ
327 1785 412 1847 τῆς
459 1775 670 1833 ἀτάκτου
717 1786 1015 1848 παραφορᾶς
1066 1780 1462 1848 διαστρέφεσθαι.
1544 1778 1775 1842 πολλάκις
1798 1802 1842 1835 20

85 1861 138 1913 δὲ
185 1862 267 1912 καὶ
318 1858 402 1912 διὰ
447 1866 534 1912 τοῦ
580 1859 702 1913 κατὰ
749 1866 846 1914 τῶν
897 1859 1176 1928 ὀφθαλμῶν
1212 1859 1327 1923 τοὺς
1367 1858 1638 1923 δακτύλους
1677 1861 1775 1912 ε’πι-

85 1942 252 2009 φέρειν
312 1947 474 2004 κακῶς
535 1944 803 1995 διατίθεται
851 1940 936 2006 τὰς
991 1941 1147 2008 ὄψεις.
1235 1940 1409 2009 μεταξὺ
1464 1942 1627 2008 μέντοι
1678 1946 1775 1994 τῶν

84 2021 399 2093 ἀστραγάλων
455 2023 539 2074 καὶ
591 2028 689 2075 τῶν
738 2022 988 2092 γονάτων,
1043 2025 1110 2085 ἔτι
1158 2023 1212 2076 δὲ
1260 2023 1343 2074 καὶ
1389 2029 1486 2075 τῶν
1534 2021 1775 2092 ἀγκώνων

85 2107 218 2174 ἔριον
263 2104 636 2173 παρεντιθέσθω
685 2102 808 2173 πρὸς
853 2103 905 2158 τὸ
954 2103 1018 2173 μὴ
1070 2106 1337 2157 ἕλκοῧσθαι
1387 2103 1472 2167 τὰς
1510 2102 1678 2172 ἐξοχὰς
1716 2109 1773 2175 τῇ

86 2187 331 2258 βιαιοτέρα
369 2188 542 2252 θλίψει
579 2186 661 2237 καὶ
699 2186 971 2254 παραθέσει
1007 2191 1106 2238 τῶν
1139 2191 1314 2254 μερῶν.
1364 2183 1416 2238 τὸ
1450 2185 1504 2237 δὲ
1535 2183 1773 2252 κεφάλιον
1798 2207 1842 2239 25

87 2268 396 2330 σκεπαζέσθω
437 2273 719 2335 κυκλοτερεῖ
749 2265 1038 2335 περιειλήσει
1070 2265 1252 2336 ῥάκους
1293 2264 1325 2334 ἢ
1361 2267 1494 2334 ε’ρίου
1526 2271 1776 2336 τρυφεροῦ

206 2442 228 2479 1
263 2432 454 2488 πιέζουν
488 2448 512 2478 c
546 2437 677 2489 (corr.
697 2435 767 2490 E).
893 2432 1098 2478 ἔνδεσινε
1134 2430 1318 2478 ἐνδεοῖν
1351 2447 1389 2479 e.
1513 2437 1538 2477 2
1574 2429 1651 2476 ἐπὶ
1683 2446 1772 2477 om.

88 2507 112 2538 c
145 2493 270 2551 (add.
302 2494 373 2550 E).
497 2499 522 2538 3
555 2489 903 2551 ἀπρεπέστερον
938 2508 962 2538 c
995 2495 1127 2549 (corr.
1146 2493 1217 2549 E).
1340 2497 1369 2536 4
1402 2492 1702 2549 σπαργανοῦν
1735 2506 1772 2535 c.

148 2557 173 2600 6
208 2549 442 2603 ἕλκώσεως
472 2550 561 2609 γὰρ
594 2553 675 2597 καὶ
705 2570 770 2610 τρ.
806 2568 829 2598 c
863 2552 1042 2610 (addidi
1074 2549 1166 2608 ὡς).
1313 2557 1336 2596 7
1374 2549 1441 2596 ἔτι
1473 2551 1530 2596 E:
1567 2548 1645 2596 ἐπὶ
1677 2565 1714 2595 e.

89 2609 312 2670 σωμάτων
353 2610 645 2668 παραθέσεις
685 2613 740 2668 τῆ
782 2609 988 2669 πυρώσει
1019 2611 1209 2668 ταχέως.
1274 2607 1379 2655 ἐπεὶ
1417 2610 1498 2654 καὶ
1539 2609 1605 2661 εἰς
1635 2606 1773 2660 τὰςδε

87 2687 134 2716 π.
167 2685 205 2716 ο.
328 2675 381 2715 17
416 2671 632 2716 ἔκστασιν
664 2686 688 2716 c
722 2674 854 2729 (corr.
888 2671 957 2728 Ε).
1093 2675 1147 2715 18
1180 2668 1444 2724 συνζεύξεις
1475 2684 1499 2714 c
1533 2671 1664 2726 (corr.
1697 2667 1771 2724 D).

147 2725 354 2802 ἀγγύλας
386 2744 411 2774 c
446 2733 576 2787 (corr.
609 2731 679 2787 E).
835 2735 889 2775 19
921 2731 984 2775 τῶ
1019 2748 1062 2788 μ.
1097 2728 1214 2786 πρὸς
1245 2728 1297 2774 τὸ
1331 2730 1643 2782 κατειλῆσθαι
1676 2741 1713 2770 c.

89 2794 146 2834 20
176 2805 228 2833 το
263 2787 422 2833 addidi
452 2791 559 2845 (om.
594 2791 649 2846 ο).
834 2795 889 2835 22
930 2791 1238 2835 διατίθεσθαι
1274 2803 1298 2833 c
1332 2791 1461 2844 (corr.
1495 2786 1564 2843 E).
1717 2789 1773 2829 25

88 2849 368 2904 κεφαλίαιον
402 2861 426 2892 c
458 2851 588 2905 (corr.
621 2849 694 2905 D).
