2014 3162
302 751 344 800 1)
383 745 440 789 cf
477 744 668 790 Gesneri
701 746 756 789 de
789 745 920 790 libris
954 760 982 789 a
1008 760 1056 790 se
1089 746 1227 791 editis
1253 747 1499 803 epistolam
1524 748 1583 792 ad
1609 747 1729 792 Guil
1754 747 1869 792 Tur-

180 819 342 853 nerum
383 805 508 861 (post
546 805 633 849 Ios.
668 804 855 849 Simleri
885 805 1031 849 vitam
1065 804 1259 850 Gesneri
1290 806 1538 863 Tig.1566
1570 807 1600 852 f.
1635 804 1756 863 29¹³),
1788 808 1869 851 ubi

175 863 265 918 „de
296 863 503 907 nondum
535 857 673 907 editis
705 864 877 920 partim
908 864 1128 920 perfectis
1161 863 1336 921 partim
1346 821 1654 922 imperfectis
1687 867 1868 911 adhuc“

178 921 246 965 sic
275 922 585 978 profitetun,
590 928 643 978 ,6.
686 921 969 967 Moschionis
1006 923 1177 968 medici
1208 923 1373 968 Graeci
1406 925 1462 967 de
1495 924 1739 968 affectibus
1771 939 1868 968 mu-

174 980 396 1025 liebribus
442 981 613 1025 librum
659 997 715 1026 ex
745 981 1060 1027 bibliothecae
1091 981 1392 1040 Augustanae
1425 983 1699 1040 exemplari,
1742 985 1868 1039 quod

174 1040 397 1083 unicum
428 1041 477 1084 et
508 1041 908 1097 corruptissimum
939 1042 1110 1086 habere
1141 1042 1423 1086 hactenus
1456 1043 1604 1098 potui,
1644 1042 1867 1099 descripsi

172 1100 221 1143 et
260 1098 527 1154 emendavi,
583 1100 791 1144 editurus
822 1114 907 1157 per
938 1099 1248 1155 occasionem
1291 1101 1367 1145 vel
1400 1100 1576 1145 Graece
1608 1101 1865 1158 Latineque

174 1156 335 1212 simul,
385 1159 461 1202 vel
507 1159 672 1204 saltem
711 1159 901 1214 Latine,
946 1174 1040 1204 una
1079 1175 1183 1204 cum
1222 1159 1452 1204 Prisciani
1502 1161 1549 1204 et
1591 1159 1866 1217 Cleopatrae

174 1217 442 1273 Gynaeciis‚
491 1232 610 1274 quae
664 1218 979 1275 manuscripta
1024 1219 1219 1263 habeo‘&
1289 1218 1480 1263 unicum
1519 1219 1707 1274 quidem
1750 1219 1870 1263 illud

172 1277 458 1332 „hactenus“
498 1278 736 1333 exemplar
775 1276 890 1322 dicit
931 1278 1043 1334 quia
1087 1278 1181 1334 „in
1219 1278 1389 1323 Italia
1430 1278 1619 1335 quidem
1664 1279 1864 1322 eundem

173 1336 401 1379 asservari
432 1336 786 1393 nanuscriptum
819 1339 945 1382 certo
978 1339 1172 1381 noverat
1197 1294 1461 1392 Gesnerusq
1473 1351 1670 1394 eumque
1694 1337 1868 1382 frustra

172 1394 268 1437 iam
300 1395 546 1450 aliquoties
579 1409 607 1438 a
625 1395 903 1451 quibusdam
935 1396 1042 1452 plus
1075 1395 1219 1440 nimio
1251 1372 1508 1452 tenacibus,
1539 1410 1597 1440 ne
1624 1396 1814 1440 dicam
1800 1411 1867 1440 m-

173 1452 293 1496 vidis
311 1454 655 1509 possessoribus
668 1454 922 1511 impetrare
940 1457 1132 1498 conatus
1151 1455 1249 1498 est“
1268 1457 1404 1511 (teste
1423 1455 1625 1511 Casparo
1643 1455 1785 1512 Wolp
1788 1454 1866 1498 hio

173 1513 281 1555 ante
319 1511 495 1557 Mosch.
537 1528 604 1569 gr.
646 1514 716 1557 ed.
757 1514 863 1557 Bas.
907 1518 1020 1558 1566
1063 1514 1112 1557 in
1153 1514 1287 1570 epist.
1328 1514 1389 1569 ad
1425 1514 1489 1558 Io.
1522 1513 1868 1569 Kentmanum).

174 1571 254 1627 qui
279 1571 434 1615 1166610
459 1586 518 1615 an
533 1571 658 1616 idem
681 1572 825 1616 fuerit
849 1573 994 1616 codex
1014 1572 1162 1616 Italus
1187 1586 1292 1616 cum
1318 1586 1373 1616 eo
1399 1586 1455 1616 ex
1479 1586 1570 1628 quo
1595 1586 1636 1618 a.
1664 1578 1774 1616 1561
1798 1574 1869 1629 (ut

173 1631 375 1674 testatur
402 1630 699 1687 subscriptio)
723 1630 933 1675 Venetiis
959 1631 1220 1687 descriptus
1245 1633 1317 1675 est
1333 1631 1704 1676 Vindobonensis
1727 1632 1867 1688 (med.

172 1703 240 1745 gr.
264 1694 319 1733 39
337 1688 505 1746 Ness.>‚
531 1690 652 1734 unde
668 1690 916 1747 prologum
942 1689 1055 1735 olim
1081 1690 1318 1747 supplevit
1333 1689 1611 1735 Lambecius
1637 1704 1866 1747 quemque

171 1748 221 1791 in
260 1749 462 1792 absurda
503 1749 588 1792 illa
628 1748 830 1794 editione
871 1764 965 1804 qua
1002 1749 1215 1793 libellum
1254 1764 1309 1794 ex
1341 1763 1509 1806 graeco
1542 1750 1763 1805 latinum,
1813 1763 1868 1794 ex

171 1806 320 1850 latino
339 1822 558 1863 graecum
574 1808 752 1852 factum
776 1809 826 1852 in
848 1808 1050 1852 latinum
1065 1809 1215 1852 denuo
1233 1809 1475 1853 transtulit
1497 1808 1722 1864 (Viennae
1736 1812 1868 1861 1793)

172 1866 465 1922 negligenter
512 1866 728 1911 adhibuit
766 1868 952 1921 Dewez,
1000 1882 1140 1923 quem
1189 1867 1251 1911 acl
1297 1867 1502 1912 Dewezii
1538 1869 1719 1912 textum
1759 1882 1869 1911 mox

173 1927 233 1977 (a.
254 1925 390 1981 1799)
413 1925 615 1970 contulit
647 1925 830 1983 Weigel
862 1926 936 1983 (cf.
965 1926 1191 1983 Sprengel
1213 1927 1358 1983 praef.
1386 1927 1446 1970 ad
1470 1925 1626 1971 Diosc.
1651 1942 1696 1982 p.
1723 1926 1867 1970 XVII.

171 1983 367 2028 Hermes
399 1984 477 2038 IX,
495 1987 612 2040 475).
645 1983 880 2029 Venetum
904 1987 1060 2029 autem
1081 1985 1217 2029 illum
1241 2000 1363 2029 nunc
1390 1986 1682 2041 deperditum
1709 1987 1866 2042 (quem

172 2043 344 2087 Italum
370 2043 548 2092 credas
582 2043 790 2100 Gesneri)
834 2045 1067 2089 diversum
1113 2044 1258 2089 fuisse
1291 2059 1319 2088 a
1354 2044 1572 2089 Leidensi
1611 2059 1748 2101 quem
1787 2045 1867 2088 ha·

171 2102 356 2157 bemus,
394 2104 484 2147 hoc
514 2103 724 2159 inspecto
758 2105 806 2147 et
838 2118 942 2147 cum
974 2103 1195 2160 Weigelii
1224 2104 1349 2147 notis
1383 2106 1677 2160 comparato,
1717 2118 1865 2160 nuper

174 2161 386 2217 cognovi.
448 2160 685 2206 Leidensis
715 2164 876 2206 tamen
907 2163 1231 2219 apographum
1265 2164 1422 2206 extare
1447 2161 1709 2207 Parisiense
1743 2162 1866 2218 (cod.

173 2235 242 2276 gr.
275 2223 410 2275 2152)
444 2220 778 2277 Darembergio
810 2220 962 2265 visum
995 2223 1078 2265 est.

291 2280 336 2335 2)
371 2279 555 2325 ‘Cumn
575 2280 799 2325 ,Thomas
832 2280 1112 2326 Guarinus..
1134 2280 1522 2337 ‚manuscriptum
1549 2280 1756 2324 codicem
1781 2280 1866 2324 La·

173 2338 324 2382 tinum
348 2315 631 2406 Μο6611101116
656 2339 896 2383 cuiusdam
920 2340 979 2383 de
1003 2338 1250 2395 Gynaeciis
1273 2339 1613 2396 inspiciendum
1637 2338 1866 2383 misisset:

172 2397 359 2453 iamque
377 2411 462 2454 ego
486 2397 645 2454 prius
667 2397 950 2442 Moschionis
973 2399 1146 2442 librum
1171 2397 1379 2442 eiusdem
1403 2398 1666 2455 argumenti
1692 2399 1865 2442 Graece

174 2456 542 2513 manuscriptum
558 2457 829 2503 haberem..
849 2457 1000 2502 ,volui
1023 2470 1101 2502 eos
1128 2457 1353 2502 conferre’
1383 2456 1533 2513 (Gesn.
1564 2458 1624 2501 ad
1639 2457 1866 2502 lectorem

179 2517 287 2559 ante
322 2514 493 2560 Annot.
526 2515 575 2559 in
607 2516 780 2561 Mosch.
814 2531 883 2573 gr.
916 2532 960 2572 p.
995 2517 1084 2572 51).

294 2577 340 2626 3)
381 2588 486 2618 nam
528 2587 646 2631 quae
690 2575 1017 2620 ‘Harmoniae’
1059 2576 1317 2631 praemissa
1357 2577 1429 2620 est
1469 2575 1668 2632 epistola
1706 2574 1866 2618 Wolfii

174 2633 287 2677 data
321 2633 516 2689 ‘Tiguri,
548 2633 698 2689 pridie
732 2633 919 2678 Oalend.
953 2633 1087 2678 Iunii.
1137 2636 1270 2678 Anno
1304 2591 1525 2689 Salutis,p
1535 2634 1666 2677 1564'
1703 2633 1769 2676 616
1801 2633 1868 2676 in-

175 2691 290 2748 cipit
346 2691 481 2736 ‘Cum
519 2693 830 2747 superioribus
871 2693 1159 2739 mensibus..
1180 2692 1505 2739 MGesnerum.
1526 2693 1868 2738 .convenissem

243 2751 536 2795 ,memoriam
574 2751 683 2795 libri
723 2751 798 2796 (111
788 2766 1009 2796 ersorum
1052 2754 1288 2806 autorum,
1329 2751 1386 2796 de
1428 2750 1674 2817 Gynaeciis
1706 2765 1870 2794 manu-

175 2810 350 2875 scripti,
367 2810 416 2853 in
442 2811 644 2854 mentem
670 2811 713 2854 ei
729 2810 958 2856 revocavi.
992 2811 1126 2855 Hunc
1158 2826 1264 2854 cum
1280 2825 1362 2867 per
1385 2809 1604 2868 negotia
1591 2824 1742 2866 1pse..
1765 2808 1870 2853 .mi-

175 2867 299 2912 1111116
330 2870 546 2926 posset..
568 2869 755 2915 .mihi..
775 2870 1027 2915 .edendum
1059 2870 1267 2915 obtulit!
