2014 3162
750 107 1115 159 ..73-

91 243 250 291 ciosos
281 241 535 291 hominum
567 241 730 291 vultus
763 257 861 290 non
893 242 1089 292 videant
1113 257 1204 291 nec
1230 242 1289 291 de
1313 243 1536 307 partibus
1562 248 1773 295 veneriis

91 314 279 363 fabulae
320 330 433 364 cum
471 316 592 379 ipsis
632 317 948 365 misceantur.
1023 317 1074 364 in
1115 315 1410 365 dialimmate
1466 333 1582 366 vero
1622 318 1772 368 rebus

88 390 497 453 metasyncriticis
531 388 810 438 solidandae
834 396 965 455 sunt,
990 404 1198 454 quarum
1224 391 1442 439 omnium
1468 406 1612 440 curas
1636 399 1770 441 retro

88 460 239 514 habes
277 462 589 527 frequentius
628 461 892 512 ordinatas,
1787 478 1810 507 4

492 620 627 674 XIII
680 620 756 675 De
796 619 1122 675 lassitudine
1162 575 1372 675 vulvae.
1798 629 1889 684 (53)

199 719 333 792 (47.)
403 725 693 776 Mulieribus
759 741 874 776 vero
941 727 1118 776 lassam
1171 726 1466 777 habentibus
1517 729 1772 776 matricem

87 805 340 848 menstrua
380 799 676 850 abundantia
717 801 1006 866 frequenter
1044 802 1096 849 in
1127 816 1296 850 mense
1337 807 1622 867 occurrunt,
1662 817 1776 851 cum

87 871 281 921 fastidio
336 874 428 922 viri
480 875 547 922 ita
593 880 650 923 ut
696 876 890 939 saepius
939 880 989 923 et
1035 889 1204 923 semen
1254 875 1346 923 viri
1393 889 1491 923 non
1531 876 1776 924 retineant

87 945 174 995 sed
214 946 335 996 foris
375 946 636 996 excludant
676 954 760 997 aut
798 947 1005 996 aborsus
1042 954 1272 998 occurrat
1304 953 1387 997 aut
1411 947 1470 996 ad
1502 947 1775 1012 legitimum

87 1025 283 1084 tempus
329 1035 483 1085 pecus
530 1021 753 1086 perferre
801 1036 899 1069 non
947 1023 1152 1086 possint.
1230 1028 1306 1070 est
1352 1028 1516 1070 autem
1557 1021 1772 1070 exclusio
1797 1033 1841 1064 10

90 1094 291 1143 seminis
331 1100 386 1143 ut
423 1093 473 1143 id
514 1094 644 1158 quod
684 1096 735 1144 in
775 1097 1218 1144 communicatione
1258 1096 1348 1143 viri
1388 1094 1447 1143 ad
1480 1102 1774 1159 conceptum

87 1169 264 1216 matrix
304 1174 574 1234 acceperat,
623 1167 674 1217 id
713 1175 826 1234 post
863 1170 1079 1233 primum
1118 1176 1204 1217 aut
1242 1166 1516 1217 secundum
1555 1174 1640 1217 aut
1678 1174 1776 1217 ter-

88 1242 212 1291 tium
259 1240 390 1302 dlem
436 1241 569 1290 foras
608 1241 858 1309 excludat,
913 1241 1121 1291 aborsus
1161 1249 1216 1291 ut
1255 1241 1473 1291 secundo
1514 1241 1589 1290 vel
1627 1243 1775 1290 tertio

88 1316 258 1364 mense
311 1316 408 1364 iam
457 1314 723 1365 formatum
778 1315 864 1365 sed
919 1317 1024 1365 sine
1080 1317 1238 1364 anima
1292 1322 1342 1364 et
1387 1314 1568 1379 gracile
1621 1330 1774 1380 pecus

90 1389 291 1439 emittat.
348 1387 532 1438 crudus
573 1395 738 1438 autem
777 1395 949 1454 partus
982 1395 1058 1438 est
1091 1391 1321 1454 quotiens
1354 1394 1466 1438 ante
1499 1388 1772 1452 legitimum
1798 1401 1839 1433 15

88 1467 301 1529 tempus,
339 1463 437 1511 iam
472 1467 637 1512 tamen
667 1464 976 1528 proximante
1009 1462 1103 1529 die,
1142 1462 1472 1528 inperfectum
1505 1461 1775 1511 effunditur

89 1534 265 1585 infans,

201 1602 336 1674 (48.)
377 1608 435 1659 ad
467 1608 592 1658 hanc
626 1609 942 1658 valitudinem
967 1608 1093 1659 bene
1118 1608 1212 1658 hoc
1239 1609 1582 1658 transferimus
1608 1623 1777 1657 curam

91 1696 239 1746 quam
291 1683 343 1730 in
398 1684 771 1747 sanguinatione
818 1684 1037 1732 matricis
1078 1689 1127 1732 et
1164 1684 1216 1731 in
1250 1674 1386 1732 fluxu
1429 1682 1775 1732 ordinavimus,

91 1761 140 1805 ct
176 1754 298 1805 haec
338 1757 470 1804 enim
509 1763 559 1805 et
595 1771 686 1821 per
723 1756 910 1806 fluxum
951 1757 1171 1806 occurrit
1211 1763 1260 1805 et
1299 1755 1502 1804 chronia
1541 1762 1630 1805 est.
1801 1769 1844 1802 20

214 1916 237 1955 1
269 1925 356 1956 nec
388 1912 444 1957 de
474 1913 525 1956 h:
558 1927 667 1957 nam
699 1913 756 1957 de
784 1913 831 1966 b,
863 1913 985 1957 Nam
1017 1912 1055 1956 &
1087 1912 1144 1956 de
1177 1913 1205 1956 l.
1329 1911 1509 1956 veneris
1541 1912 1624 1956 bh:
1658 1911 1775 1955 bene

92 1970 120 2014 l.
228 1975 254 2014 2
287 1970 451 2027 diale(i
472 1971 695 2027 h)mmate
728 1973 773 2016 b:
807 1971 1062 2015 dialemata
1094 1972 1121 2015 ῖ.
1229 1976 1255 2015 3
1289 1970 1774 2014 mebasincreticisbb:

91 2042 187 2072 -cas
220 2030 248 2072 l.
392 2035 421 2074 4
452 2030 595 2075 habes
627 2032 674 2075 b:
706 2031 850 2074 habet
882 2031 945 2074 lh.
1069 2029 1307 2074 ordinat-as
1339 2031 1355 2073 l
1386 2031 1495 2085 (-tos
1526 2030 1592 2084 h):
1628 2034 1669 2084 ᾧ
1704 2043 1775 2073 or-

91 2087 254 2133 dinata
284 2091 392 2133 sunt
422 2090 461 2134 b.
585 2094 611 2133 6
637 2088 929 2135 MulieribUS.
948 2124 958 2135 .
978 2088 1299 2134 ,habentibus
1319 2125 1328 2134 .
1348 2087 1698 2134 ,habundancia
1729 2089 1777 2132 01,

89 2145 206 2204 freq.
240 2148 445 2192 occurrit,
473 2149 526 2193 h:
557 2148 779 2194 Mulieres
814 2162 921 2193 vero
955 2184 965 2193 .
993 2184 1003 2193 .
1029 2183 1039 2194 .
1073 2148 1297 2192 habentes
1331 2184 1340 2193 .
1368 2182 1378 2192 .
1405 2183 1415 2192 .
1449 2146 1776 2191 habundancia

89 2206 248 2263 (erunt
277 2207 383 2252 add.
417 2208 451 2264 l)
481 2207 752 2263 frequenter
783 2207 866 2263 (eis
898 2208 1004 2252 add.
1039 2208 1071 2263 l)
1102 2206 1153 2251 in
1181 2221 1242 2253 m.
1277 2205 1478 2251 occurrit
1509 2206 1575 2250 bl.
1748 2209 1774 2249 8

0 2303 1 2318 2
91 2264 245 2321 sepius
277 2279 435 2311 semen
464 2268 700 2311 retentum
731 2266 854 2310 foras
887 2265 1160 2311 excludatur
1188 2267 1230 2310 h.
1391 2266 1586 2322 (semen)
1618 2263 1706 2308 viri
1737 2265 1774 2308 l:

0 2321 1 2350 l
94 2336 176 2370 om.
209 2325 287 2369 bh.
437 2325 657 2371 retineat.
678 2325 920 2371 ,excludat
951 2325 1016 2370 bl.
1169 2329 1196 2369 9
1228 2323 1342 2370 foris
1375 2325 1404 2380 l,
1435 2323 1562 2381 poris
1592 2324 1693 2379 (sic)
1726 2323 1773 2368 b:

89 2381 213 2430 foras
244 2384 286 2428 h.
409 2386 513 2429 aut:
543 2385 599 2428 ui:
629 2385 660 2440 l,
692 2398 774 2430 om.
801 2385 842 2440 b,
873 2386 922 2428 el:
943 2385 986 2429 h.
1110 2383 1310 2428 occurrit
1341 2384 1381 2428 b.
1503 2381 1585 2426 aut
1615 2381 1695 2426 ad:
1729 2383 1776 2425 et

90 2441 151 2486 ad
183 2442 237 2486 lh
278 2444 378 2498 (om.
412 2444 438 2487 b
471 2457 572 2488 cum
602 2457 716 2500 seqq.
748 2456 886 2500 usque
917 2444 980 2488 ad
1010 2457 1049 2487 v.
1074 2446 1134 2488 13
1167 2443 1393 2499 aborsus).
1548 2445 1602 2484 10
1633 2454 1774 2497 pecus

91 2499 128 2550 z:
159 2502 345 2545 uterum
375 2503 416 2546 h.
553 2503 639 2547 Est
668 2504 716 2547 h:
750 2502 826 2547 Sic
859 2503 930 2546 est
962 2503 989 2545 l,
1113 2506 1166 2545 11
1201 2499 1570 2561 commutacione
1602 2500 1699 2555 (sic)
1732 2497 1774 2542 h.

183 2565 235 2605 13
267 2562 342 2606 ut:
372 2562 530 2607 autem
563 2561 664 2606 bzh.
791 2566 845 2606 15
880 2560 1055 2605 Crudus
1088 2561 1172 2606 bh:
1212 2560 1402 2605 Enudus
1434 2560 1534 2617 (sic)
1568 2559 1596 2603 l.
1721 2561 1773 2600 18

91 2614 181 2662 hoc
211 2619 254 2676 h,
287 2620 402 2664 choo
432 2621 534 2676 (sic)
567 2621 615 2665 b:
648 2621 768 2665 hanc
800 2621 827 2664 l.
953 2625 1006 2665 19
1038 2619 1087 2664 in
1120 2621 1243 2676 (ante
1273 2618 1417 2677 fluxu)
1448 2631 1530 2663 om.
1558 2617 1597 2662 b.
1718 2621 1774 2660 20

93 2677 140 2723 et
169 2690 252 2734 per
287 2679 385 2735 (sic)
418 2679 482 2724 bh
515 2680 580 2736 (et
611 2692 696 2726 om.
729 2680 775 2736 Ζ).
