2014 3162
742 113 1147 166 —363—

102 249 388 315 περίψυξις,
430 251 671 314 σφυγμῶν
710 243 979 311 ὑπόδυσις,
1016 245 1221 314 πυρετὸς
1261 245 1392 313 ὀξύς,
1441 246 1707 316 παρακοπή
1745 269 1792 300 τε

106 329 191 381 καὶ
229 325 462 394 σπασμός.
540 324 604 393 μὴ
646 324 948 393 ἀφίστασθαι
989 327 1043 379 δὲ
1082 326 1214 395 ὅμως
1252 332 1504 395 βοηθείας.

219 407 338 476 (δεῖ
374 411 543 460 τοίνυν
565 451 572 457 .
594 408 674 459 ἐπὶ
711 407 914 474 κλίνης>
966 414 1132 460 πᾶσαν
1172 412 1472 476 σχηματίζειν
1510 415 1793 477 καταφερῶς

104 487 539 557 ἆντιβατικῶτερον
579 489 880 555 ἐστρωμένης
920 486 985 551 ὥς
1024 487 1089 556 μὴ
1130 487 1252 556 πρὸς
1290 487 1342 542 τὸ
1379 488 1511 543 εἶκον
1542 489 1793 542 ἐνδιδόναι

95 568 195 637 τὴν
234 568 416 636 ὀσφύν,
458 567 727 621 διεστώτων
766 569 820 621 δὲ
857 575 954 622 τῶν
993 575 1163 638 μηρῶν
1200 572 1283 622 καὶ
1322 572 1642 640 συνηγμένων
1671 569 1794 637 πρὸς

102 648 156 704 τὸ
195 649 506 718 ἐπιγάστριον
543 655 642 702 τῶν
679 653 852 702 ποδῶν
898 651 978 702 ε’πὶ
1013 657 1102 703 τοῦ
1137 650 1372 718 ἐνηλατου
1405 655 1656 749 στηρίζειν,
1696 648 1795 703 εἶτα

106 732 413 799 ἑκατέρωθεν
469 730 534 783 δι’
585 729 841 799 υπηρετῶν
895 729 947 784 τὸ
1003 737 1140 799 σῶμα
1193 733 1411 800 κατέχειν
1462 730 1494 800 ἢ
1543 736 1795 800 γυναικῶν

102 814 345 880 ἐμπείρων
404 813 488 864 καὶ
548 814 778 879 ἰσχυρῶν.
856 814 900 863 εἰ
937 811 990 863 δὲ
1029 810 1095 879 μὴ
1142 817 1436 880 παρείησαν,
1491 811 1574 864 διὰ
1620 816 1794 880 κηρίοις

99 899 167 966 τῷ
227 896 446 964 κλινιδίῳ
515 891 601 945 τὸν
662 891 873 960 θώρακα
941 892 1484 961 προσκαταλαμβᾶνειν,
1546 891 1665 945 ὥστε
1726 891 1792 960 μὴ

101 973 225 1043 πρὸς
291 972 406 1037 τοὺς
474 971 809 1040 ἐπισπασμοὺς
869 979 955 1025 τοῦ
1017 970 1236 1042 ἐμβρύου
1298 975 1679 1026 ἐπακολουθοῦν
1739 971 1792 1025 τὸ

87 1062 240 1124 Ισῶμα
307 1061 394 1122 τῆς
460 1052 748 1122 καμνούσης
807 1051 894 1106 τὸν
955 1059 1040 1121 τῆς
1103 1052 1251 1121 ὁλκῆς
1310 1053 1457 1107 τόνον
1514 1051 1793 1106 ὖπεκλύσαι.

100 1139 323 1197 καθίζειν
377 1135 431 1187 δὲ
485 1132 637 1187 αὐτὸν
690 1132 918 1201 ἄντικρὺς
972 1134 1140 1204 ὀλίγον
1184 1132 1526 1202 ταπεινότερον
1572 1132 1696 1201 πρὸς
1741 1132 1794 1186 τὸ

101 1215 188 1280 τὰς
244 1223 407 1284 χεῖρας
461 1213 537 1267 ἐπ’
581 1218 690 1282 ἴσης
743 1222 845 1277 τοῖς
898 1217 1015 1268 ποσὶ
1067 1222 1153 1283 τῆς
1206 1214 1491 1283 καμνούσης
1542 1212 1795 1282 ὑπάρχειν,

52 1287 56 1289 4
101 1299 186 1349 καὶ
245 1297 706 1364 παραστελλομένων
758 1301 857 1348 τῶν
911 1296 1302 1366 πτερυγωμοὶτων
1363 1297 1664 1364 ἑκατέρωθεν
1725 1294 1790 1348 δι’

104 1375 350 1445 ὑπηρέτου
406 1377 578 1443 πάλιν,
632 1375 723 1444 τὴν
778 1375 1036 1444 εὐώνυμον
1081 1385 1237 1447 χεῖρα,
1294 1375 1376 1429 διὰ
1421 1375 1473 1430 τὸ
1519 1377 1602 1428 καὶ
1646 1394 1793 1444 προσ-

104 1459 367 1527 ηνεστέραν
407 1456 532 1510 εἶναι
570 1463 655 1525 τῆς
695 1461 855 1520 δεξιᾶς
893 1459 975 1509 καὶ
1007 1457 1107 1526 μετ’
1143 1457 1429 1526 εὐπρεπείας
1460 1457 1795 1527 εὖεργεστέραν

104 1543 391 1606 καθίεσθαι,
431 1538 755 1609 συνηγμένων
792 1537 913 1591 κατὰ
959 1538 1186 1607 κορυφὰς
1236 1543 1303 1602 εἰς
1335 1538 1556 1607 μύουρον
1585 1545 1681 1591 τῶν
1712 1542 1795 1590 δα-

101 1619 294 1675 κτύλων
346 1622 430 1672 καὶ
467 1619 832 1688 ι.ελιπασμε’νων
869 1619 1124 1686 καθιέναι,
1186 1624 1434 1683 διεστῶτος
1471 1626 1557 1673 τοῦ
1596 1623 1794 1687 στομίου

103 1708 188 1770 τῆς
224 1700 442 1769 ὑστέρας,
492 1704 536 1753 εἰ
572 1701 626 1753 δὲ
665 1699 749 1769 μή,
787 1704 991 1768 θλίψεσι
1028 1702 1110 1753 καὶ
1150 1700 1400 1799 συνεχέσιν
1438 1700 1795 1769 ἐλαιοχυτήσεσι

105 1780 645 1852 προαναχαλασθέντος.
723 1783 886 1834 ε’πειτα
931 1788 1197 1849 πειρᾶσθαι
1242 1780 1294 1835 τὸ
1334 1779 1707 1851 παρεγκεκλικὸς
1753 1784 1797 1834 εἰ

226 1874 252 1912 3
295 1869 410 1912 Post
451 1870 681 1928 βοηθείας
718 1868 886 1925 incipit
916 1869 966 1913 in
997 1882 1022 1912 6
1054 1882 1154 1937 cap.
1186 1884 1247 1911 να
1278 1867 1415 1912 inser.
1449 1868 1567 1924 Περὶ
1601 1863 1794 1938 ἐμβρυο-

103 1928 267 1984 τομίας
303 1927 387 1970 καὶ
426 1924 777 1986 ἐμβρυουλκίας.
827 1924 1067 1983 Προσήκει
1105 1923 1188 1971 τὸν
1229 1924 1392 1982 ἰατρὸν
1418 1953 1472 1958 -
1497 1942 1794 1994 καταρροπος

104 2002 151 2043 p.
188 1991 287 2040 113,
315 1990 426 2028 12—
431 1991 487 2029 21
520 1987 575 2031 D
609 1999 727 2042 quae
760 2000 816 2030 ex
847 1986 984 2030 Aeizio
1017 1987 1232 2031 desumta
1264 1988 1371 2030 sunt
1402 1999 1507 2029 cum
1538 1984 1650 2042 ipsis
1683 1985 1792 2030 111131-

104 2045 194 2088 mis
232 2045 387 2088 verbis
428 2045 502 2100 (cf.
533 2001 679 2101 Paul.)
720 2043 1159 2089 κατακλινέσθω
1199 2045 1400 2089 τοίνυν
1442 2040 1536 2088 ἐπὶ
1575 2046 1792 2100 κλίνης,

105 2101 281 2146 υπτία
312 2102 648 2160 καὶμᾶλλον
673 2119 1046 2160 καταρροπος.
1075 2104 1222 2159 l(iam
1245 2103 1413 2160 incipit
1437 2103 1602 2148 Sorani
1625 2103 1789 2160 fragm.

102 2161 335 2219 principio
367 2162 492 2218 quod
523 2161 688 2206 similis
719 2162 894 2207 tenoris
925 2163 1027 2218 fuit,
1061 2162 1355 2218 destitutum)
1386 2162 1545 2205 πᾶσαν
1577 2163 1793 2219 σχηματί-

106 2225 203 2275 ζειν
242 2221 522 2276 καταφερῶς
562 2220 629 2276 (id
660 2222 732 2265 esss
764 2226 859 2265 Δεῖ
881 2223 1042 2265 τοίνυν
1085 2218 1163 2265 ἐπὶ
1193 2222 1352 2276 κλίνης
1381 2221 1540 2264 πᾶσαν
1573 2235 1640 2277 σχ.
1673 2222 1792 2277 κατ.)

105 2280 382 2346 6136.Α6111
424 2280 514 2323 hoc
561 2293 660 2336 cap.
708 2279 984 2336 inscriptum
1013 2281 1086 2324 6813
1118 2279 1430 2336 Φιλουμένου,
1478 2279 1559 2323 sed
1597 2279 1792 2323 eundem

103 2337 264 2395 ipsum
293 2335 623 2382 Philumenam
654 2341 765 2394 (non
789 2338 997 2395 Aetium)
1030 2338 1261 2394 excerpsit
1283 2338 1468 2393 Paulus,
1492 2337 1794 2382 Philumenus

105 2397 265 2442 autem
310 2398 359 2440 in
403 2397 478 2441 his
527 2411 709 2453 quoque
752 2411 909 2453 presse
949 2399 1133 2442 secutus
1173 2399 1274 2442 erat
1318 2397 1527 2441 nostrum
1569 2396 1794 2442 Soranum

104 2458 262 2513 (quem
291 2455 436 2501 refert
465 2458 598 2500 vetans
630 2457 858 2513 interpres
889 2456 1096 2530 latinus).
1203 2461 1227 2500 7
1234 2451 1290 2526 ἢ
1325 2461 1547 2512 γυναῖκες
1580 2453 1794 2513 ἔμπειροι

103 2515 187 2559 καὶ
226 2513 409 2587 ἰσχυραὶ
457 2511 770 2570 ἑκατέρωθεν.
842 2514 887 2559 εἰ
923 2513 976 2560 δὲ
1019 2532 1100 2589 μη
1121 2511 1386 2572 παρήεισαν
1433 2529 1471 2559 6.
1533 2529 1624 2584 rep
1625 2514 1795 2559 6131131161

108 2569 408 2628 εκατέρωθεν
449 2575 589 2619 6166113
619 2574 656 2617 Ε
692 2573 790 2631 (qui
821 2573 887 2618 sic
919 2591 959 2630 γ.
994 2570 1041 2618 δ’
1079 2571 1185 2631 ἐμπ.
1216 2591 1257 2619 κ.
1293 2573 1379 2630 ἰσχ.
1413 2572 1459 2618 εἰ
1487 2570 1549 2631 μὴ
1584 2530 1703 2629 epte..)

107 2637 135 2676 9
166 2637 446 2689 προσκαταλ.
479 2633 672 2678 Paulus:
715 2630 1092 2690 προσλαμβάνειν
1126 2637 1362 2704 6.19
1386 2628 1456 2703 μὴ
1491 2633 1573 2687 (sic
1605 2632 1791 2688 iterum)

108 2687 457 2736 ἐπακολουθειν
489 2706 513 2737 6
546 2688 867 2748 (ακολουθοῦν
892 2692 1055 2747 Paul..)
1196 2696 1249 2735 12
1284 2687 1400 2736 αὐτὸ
1436 2706 1460 2736 6
1493 2693 1625 2748 (corr.
1659 2689 1731 2747 D).

111 2753 166 2794 15
204 2746 440 2807 υπηρέτου
473 2752 626 2796 Paula
674 2751 789 2795 -τῶν
822 2756 1046 2796 c.16
1087 2746 1414 2807 ευεργέστερον
1447 2754 1662 2795 0.17
1695 2750 1794 2806 μεί-

36 2868 39 2870 ,
109 2824 248 2865 ουρον
280 2823 318 2855 6.
376 2809 433 2854 cf
465 2809 523 2880 ΙΙ,
550 2815 620 2854 60.
767 2815 821 2854 18
853 2810 934 2854 καὶ
966 2811 1094 2866 (ante
1125 2811 1285 2867 διεστ.)
1319 2823 1343 2853 6
1375 2810 1481 2865 (del.
1513 2809 1583 2863 E).
1739 2813 1792 2852 19

109 2867 279 2925 θλίψιν
311 2868 392 2913 καὶ
423 2865 640 2926 σύσχεσιν
673 2882 710 2913 6.
833 2874 890 2913 20
921 2883 1176 2926 προσαναχ.
1211 2883 1235 2914 6
1268 2869 1338 2925 (ub
1369 2870 1417 2913 613
1446 2867 1608 2923 Paul.).

1818 995 1861 1027 10

1820 1398 1861 1431 15

1818 1802 1861 1835 20
