2014 3162
732 117 1133 169 —181-

89 251 305 315 κείμεναι
341 252 439 300 τῶν
477 254 718 315 πλευρῶν,
757 255 1092 318 προνοητικῶς
1129 247 1228 302 ὑπὸ
1257 256 1344 317 τῆς
1380 250 1575 316 φύσεως
1613 274 1779 321 γεγεν-

90 326 295 396 νημέναι
341 327 485 398 χάριν
529 334 616 382 τοῦ
662 328 714 382 τὸ
762 331 979 398 ἔμβρυον
1027 336 1323 398 προμελετᾶν
1361 330 1445 394 τὰς
1482 332 1642 400 θηλὰς
1679 340 1777 386 τῶν

89 414 284 476 μαστῶν
323 409 642 463 ἐπισπᾶσθαι.
718 409 1113 476 καταψεύδονται
1152 411 1206 463 δὲ
1243 418 1330 479 τῆς
1369 410 1631 480 ἀνατομῆς.
1689 413 1778 482 οὐχ

89 487 393 558 εὑρίσκονται
431 489 524 559 γὰρ
563 495 618 543 αἱ
651 490 975 559 κοτυληδόνες
1013 493 1097 544 καὶ
1143 490 1387 560 ἆφύσικός
1438 494 1567 545 ἐστιν
1605 492 1631 547 ὁ
1669 496 1779 562 περὶ

89 569 251 624 αὐτῶν
306 571 620 641 εἰσαγόμενος
665 571 832 641 λόγος,
888 571 952 636 ὦς
998 574 1060 625 ἐν
1104 580 1228 637 τοῖς
1274 576 1406 643 περὶ
1455 578 1779 646 ζῳογονίας

89 651 516 720 ὑπομνήμασιν
555 651 909 708 ἀποδέδεικται.

238 740 321 788 15.
381 733 472 802 τὴν
525 732 690 802 μέντοι
729 755 783 803 γε
822 733 1008 803 μήτραν
1047 734 1136 803 οὐχ
1173 733 1484 804 ὑποληπτέον
1520 735 1780 804 κυριότητα

88 813 212 883 πρὸς
248 813 301 868 τὸ
343 819 432 882 ζῆν
470 817 610 883 ἔχειν.
681 812 743 867 οὗ
780 813 874 884 γὰρ
911 820 1170 883 προπίπτει
1209 815 1380 884 μόνον,
1420 816 1495 869 ἐπ’
1540 819 1686 870 ε’νίων
1725 819 1780 871 δὲ

85 898 168 949 καὶ
214 894 542 949 ἆποκόπτεται
588 899 700 963 δίχα
745 901 834 948 τοῦ
880 894 1108 950 θάνατον
1157 896 1327 960 αὐταῖς
1365 900 1664 967 ἐπενεγκεῖν,
1712 897 1779 962 ὡς

86 977 309 1045 ἱστόρηκε
359 980 646 1044 Θεμίσων.
723 977 777 1029 ἐν
825 981 1040 1029 Γαλατία
1086 978 1141 1030 δὲ
1185 1000 1271 1040 τας
1307 980 1368 1041 ὑς
1415 977 1777 1047 εὗτροφωτέρας

85 1061 346 1128 γίγνεσθαί
388 1075 513 1157 φασι
567 1079 685 1125 μετα
729 1055 820 1124 τὴν
866 1056 1078 1126 ἐκτομὴν
1115 1064 1200 1126 τῆς
1249 1058 1445 1128 μήτρας.
1522 1059 1779 1128 πάσχουσα

87 1138 251 1207 μέντοι
314 1138 438 1208 πρὸς
504 1137 822 1207 συμπάθειαν
894 1137 1137 1207 στόμαχον
1198 1140 1305 1209 άγει
1372 1141 1453 1192 καὶ
1524 1141 1777 1210 μήνιγγας.

86 1223 183 1275 ε’στι
244 1220 300 1275 δέ
360 1243 431 1284 τις
495 1219 619 1291 αὐτῇ
673 1221 756 1273 καὶ
812 1217 936 1287 πρὸς
988 1218 1103 1282 τοὺς
1156 1219 1368 1288 μαστοὺς
1422 1221 1606 1289 φυσικὴ
1663 1240 1779 1289 συμ-

87 1301 290 1357 πάθεια.
360 1300 761 1372 μεγεθυνομένης
826 1306 952 1370 γοῦν
1006 1299 1160 1369 αὐτῆς
1214 1304 1268 1355 ἕν
1320 1310 1423 1365 ταῖς
1473 1301 1653 1370 ἆκμαῖς
1697 1305 1781 1355 καὶ

89 1386 141 1437 οἱ
182 1385 354 1451 μαστοὶ
399 1386 830 1453 συνδιογκοῢνται,
884 1384 967 1434 καὶ
1014 1381 1136 1451 αὐτὴ
1187 1383 1275 1452 μὲν
1319 1382 1372 1436 τὸ
1421 1382 1610 1452 σπέρμα
1658 1391 1779 1437 τελε-

87 1471 320 1533 σιουργεῖ,
381 1465 552 1532 μαστοὶ
599 1462 644 1516 δ’
697 1467 764 1527 εἰς
810 1462 1002 1533 τροφὴν
1054 1470 1151 1516 τῶν
1203 1463 1601 1532 κυηθησομένων
1656 1464 1781 1534 γάλα

87 1545 530 1613 παρασκευάζουσι,
569 1547 652 1598 καὶ
691 1544 982 1613 φερομένων
1022 1545 1109 1612 μὲν
1146 1550 1245 1597 τῶν
1281 1549 1596 1613 καταμηνίων
1636 1545 1779 1614 σβέν-

90 1649 233 1679 νυται
270 1625 323 1680 τὸ
362 1626 504 1696 γάλα,
543 1625 823 1696 φερομένου
859 1627 914 1678 δὲ
960 1632 1048 1679 τοῦ
1093 1624 1332 1694 γάλακτος
1363 1623 1524 1678 οὖκέτι
1555 1629 1781 1692 φαίνεται

87 1707 348 1776 κάθαρσις,
379 1707 607 1776 καθάπερ
637 1709 721 1761 καὶ
744 1709 825 1760 ἐπὶ
847 1713 945 1760 τῶν
968 1704 1388 1774 παρηλικεστέρων
1404 1706 1780 1775 συστελλομένης

89 1796 174 1857 τῆς
212 1787 416 1858 ὑστέρας
453 1791 537 1842 καὶ
576 1793 628 1844 οἵ
663 1789 835 1857 μαστοὶ
873 1787 1036 1858 τρόπῳ
1075 1789 1170 1840 τινὶ
1209 1791 1529 1856 μαραίνονται
1566 1790 1647 1840 καὶ
1684 1787 1775 1840 πά-

93 1889 293 1938 σχοντος
344 1877 431 1924 τοῦ
485 1870 704 1940 ἐμβρύου
760 1877 1010 1924 στενοῦται
1063 1869 1116 1922 τὸ
1172 1868 1380 1938 μέγεθος
1433 1867 1609 1922 αὐτῶν.
1703 1870 1782 1921 ἐπὶ

87 1958 212 2022 γοῦν
260 1957 358 2004 τῶν
395 1958 759 2020 κυοφορουσῶν
797 1951 1098 2019 θεασάμενοι
1143 1948 1500 2020 ρικνουμένους
1536 1949 1652 2013 τοὺς
1691 1972 1782 2017 μα-

39 2103 42 2105 Δ
93 2031 237 2096 στοὺς
275 2034 356 2084 καὶ
396 2032 766 2102 συναγομένους
805 2032 1141 2103 γενησομένην
1177 2030 1477 2101 προλέγομεν
1514 2033 1759 2097 ἕκτρωσιν.

244 2122 326 2169 16.
365 2117 448 2168 καὶ
485 2115 683 2183 τοιαύτη
723 2115 812 2184 μὲν
850 2112 883 2181 ἡ
924 2113 1073 2181 φύσις
1110 2119 1195 2181 τῆς
1234 2112 1430 2181 μήτρας.
1507 2111 1558 2165 τὸ
1600 2112 1654 2164 δὲ
1691 2134 1781 2181 γυ-

93 2205 311 2251 ναικεῖον
358 2200 551 2251 αἰδοῖον
600 2198 683 2249 καὶ
720 2195 903 2260 κόλπος
955 2193 1232 2263 ὠνόμασται
1276 2200 1568 2263 γυναικεῖος.
1644 2190 1778 2260 ὑμὴν

94 2278 148 2332 δέ
202 2280 299 2331 ε’στι
345 2277 599 2347 νευρῶδης
650 2279 733 2330 καὶ
779 2274 879 2330 ὑπό
923 2300 967 2329 τι
1013 2274 1303 2344 περιφερής,
1358 2273 1519 2342 ὥσπερ
1572 2275 1782 2342 ἔντερον,

93 2358 504 2429 εὖρυχωρέστερος
551 2360 640 2427 μὲν
686 2357 807 2412 κατὰ
859 2357 911 2412 τὸ
951 2360 1115 2424 ἔνδον,
1155 2355 1439 2423 στενώτερος
1480 2356 1534 2407 δὲ
1572 2354 1692 2408 κατὰ
1730 2354 1782 2408 τὸ

91 2440 240 2507 ἐκτός,
281 2442 335 2493 ἐν
375 2435 414 2513 ᾧ
452 2441 535 2492 καὶ
573 2438 686 2503 τοὺς
724 2437 1061 2508 πλησιασμοὺς
1093 2436 1371 2506 συμβέβηκε
1401 2441 1673 2506 γίγνεσθαι.
1731 2435 1783 2489 τὸ

92 2521 180 2589 μὲν
235 2516 327 2575 οὗν
381 2523 529 2574 ενὸον
583 2518 736 2574 αὐτοῦ
787 2518 933 2590 μέρος
979 2518 1279 2618 περιπέφυκε
1324 2524 1389 2589 τῷ
1433 2516 1652 2589 τραχήλῳ
1699 2523 1785 2584 τῆς

218 2611 243 2651 9
277 2603 444 2657 αυταῖς
474 2606 756 2652 Hem-erden
792 2606 871 2663 (Ε2
901 2623 944 2664 p.
982 2608 1074 2662 13):
1110 2601 1261 2661 αὐτὴν
1294 2619 1319 2649 c
1351 2606 1399 2649 et
1431 2603 1505 2649 Or.
1628 2607 1684 2646 22
1718 2600 1783 2657 ῤἰ-

96 2665 386 2737 κνουμὲνους
414 2665 699 2710 Hcrwerdcn
732 2667 871 2723 (E2p.
885 2668 978 2722 13).
1011 2663 1333 2731 ρυγνυμένους
1365 2662 1496 2708 codd.
1525 2661 1648 2706 Orib.
1684 2659 1782 2717 (ῥή-

94 2722 354 2781 γνυμένους
384 2724 455 2781 Ε).
578 2729 635 2769 23
667 2738 696 2769 a
721 2725 1048 2784 [προ]λε’γομεν
1079 2737 1235 2768 rursus
1266 2722 1432 2779 incipit
1465 2735 1500 2766 c.
1623 2725 1679 2764 24
1709 2720 1781 2762 In-

96 2797 212 2854 cipit
242 2795 293 2842 ε’.
324 2798 432 2853 περὶ
463 2799 736 2854 γυναικείου
770 2797 956 2843 αἰδοίου
986 2798 1036 2842 in
1069 2812 1093 2842 c
1126 2799 1196 2855 (λβ
1230 2795 1339 2852 Or..)
1506 2799 1561 2838 29
1594 2789 1782 2847 περιπέ-

96 2872 249 2912 φυκεν
282 2871 306 2901 c
338 2859 386 2901 et
418 2857 513 2901 Or.:
546 2856 851 2914 προσπέφυκε
886 2857 938 2902 Ε.

1802 596 1823 627 5

1804 1001 1846 1032 10

1804 1405 1846 1438 15

1803 2212 1846 2245 25
