2014 3162
877 146 1273 200 -356—

230 281 393 350 φαμὲν
429 277 496 351 [ἐν
534 285 600 351 τῷ
639 281 774 348 περὶ
813 277 1160 346 νοσημάτων
1198 276 1331 348 τόπῳ
1371 275 1639 331 ὑπόστασιν
1678 276 1742 345 μὴ
1783 279 1922 346 ἔχειν.

232 362 350 417 οὐδὲ
388 360 480 432 γὰρ
520 359 660 413 αὐτοὶ
697 358 787 427 τὴν
827 358 1001 412 οὐσίαν
1040 357 1207 411 αὐτῶν
1246 356 1581 427 ὁμολογοῦσιν.

348 449 432 496 58.
469 447 579 495 Τῶν
603 442 859 511 ῥηθέντων
893 443 1061 492 αἰτίων
1092 446 1176 507 τῆς
1208 443 1468 501 δυστοκίας
1498 436 1530 490 ἃ
1562 439 1650 507 μὲν
1681 441 1730 503 ἐξ
1762 438 1924 493 αὐτῶν

232 527 330 578 ἐστι
366 524 670 591 καταληπτέα
709 520 741 574 ἃ
781 521 835 573 δὲ
874 520 947 574 οὔ.
1025 519 1155 588 λύπη
1196 521 1284 588 μὲν
1321 519 1415 590 γὰρ
1461 517 1527 572 ἂν
1571 518 1924 589 ὑπερτεταμένη

189 604 265 674 5ἢ
305 611 427 677 χαλᾷ
465 606 549 658 καὶ
588 602 755 671 ἀνίησι
793 603 877 654 καὶ
912 600 971 654 τὰ
1009 601 1200 671 ψυχικὰ
1240 605 1367 654 αἴτια
1407 603 1456 663 ἐξ
1498 599 1797 670 ἀνακρίσεως
1841 599 1923 653 ἆν-

237 686 437 755 ελήφθη
479 684 546 748 ὥς
585 683 651 753 μὴ
694 689 1025 752 συνεργοῦντα
1061 689 1119 753 τῇ
1163 681 1369 755 εὖτοκία.
1443 681 1594 750 κάρος
1634 682 1687 734 δὲ
1725 683 1807 734 καὶ
1844 681 1927 750 λή-

234 776 426 838 θαργος
465 764 691 834 πρόδηλοί
730 767 841 818 ε’στι.
918 766 984 817 ἔτι
1024 765 1077 817 δὲ
1115 763 1303 818 τούτων
1343 771 1517 832 σημεῖα
1556 765 1617 815 ἐκ
1640 768 1754 816 ’τοῦ
1793 764 1927 832 περὶ

234 848 417 912 ὀξέων
463 845 712 916 μετάγεται
756 843 927 899 τόπου.
1010 845 1109 914 ἤδη
1158 846 1212 898 δὲ
1262 847 1345 898 καὶ
1382 844 1434 898 τὸ
1475 845 1683 914 μέγεθος
1718 849 1806 897 τοῦ
1845 845 1927 911 ἒμ-

235 928 396 999 βρύου
429 932 693 982 δυστοκίαν
723 934 905 981 ποιοῦν
939 927 1275 996 σημειούμεθα
1306 928 1359 979 ἐκ
1388 932 1474 980 τοῦ
1513 926 1664 995 ὄγκου
1702 932 1787 993 τῆς
1823 947 1928 978 κοι-

174 1031 219 1064 10
240 1014 360 1074 λίας.
422 1009 511 1063 ἐὰν
552 1010 605 1062 δὲ
644 1007 894 1078 προπεσὸν
925 1007 991 1078 μὴ
1024 1009 1145 1062 κατα
1177 1007 1326 1078 λόγον
1347 1011 1570 1077 ’κουφίζῃ
1601 1005 1691 1075 τὴν
1721 1010 1926 1072 κοιλίαν,

236 1089 545 1159 ὑποληπτέον
582 1088 738 1143 πολλὰ
777 1087 903 1142 εἶναι
941 1089 999 1142 τὰ
1029 1089 1293 1158 κυούμενα.
1332 1088 1430 1156 ἤδη
1463 1089 1516 1141 δὲ
1546 1091 1630 1141 καὶ
1659 1087 1718 1140 τὰ
1748 1087 1928 1157 πλοῖγια

236 1173 320 1225 καὶ
364 1170 422 1224 τὰ
475 1170 816 1239 προβάλλοντα
869 1169 955 1233 τὰς
1013 1178 1175 1239 χεῖρας
1228 1169 1338 1237 ἤτοι
1392 1170 1774 1238 ἐσχηματισμένα
1825 1176 1929 1232 ταῖς

235 1253 467 1305 καθέσεσι
505 1257 604 1304 τῶν
644 1250 898 1303 δακτύλων
938 1250 1289 1319 σημειούμεθα.
1361 1249 1450 1303 ε’ὰν
1489 1251 1542 1303 δὲ
1581 1255 1722 1324 ζῷον,
1763 1248 1929 1303 ὥδίνει

236 1357 269 1402 η
315 1331 507 1387 κύουσα
552 1333 636 1385 καὶ
683 1333 903 1399 ἐντείνει,
956 1331 1147 1401 θερμόν
1185 1353 1234 1385 τε
1281 1330 1431 1400 αὐτῆς
1485 1330 1571 1399 <τὸ
1620 1329 1930 1401 ε’πιγαστριον

173 1435 214 1469 15
239 1412 523 1483 εὑρίσκεται,
554 1419 612 1486 τῇ
643 1414 697 1466 δὲ
720 1413 956 1482 καθέσει>
987 1419 1085 1466 τῶν
1109 1414 1363 1467 δακτύλων
1386 1415 1469 1465 καὶ
1493 1411 1611 1466 αὐτὸ
1634 1412 1686 1466 τὸ
1713 1414 1930 1481 ε’μβρυον

237 1494 452 1558 εὐανθὲς
498 1492 680 1564 ὁρᾶται.
766 1492 855 1547 εἀν
909 1493 963 1545 δε
1008 1517 1040 1563 η
1088 1493 1288 1562 νεκρόν,
1344 1492 1433 1562 οὑχ
1479 1493 1632 1557 οὕτως
1679 1493 1846 1547 ωδίνει
1898 1490 1929 1560 ἡ

235 1575 428 1630 κύουσα
458 1574 513 1629 τό
543 1597 591 1628 τε
623 1574 932 1645 ἕπιγαστριον
965 1575 1115 1644 αὐτῆς
1145 1574 1342 1645 ψυχρὸν
1371 1579 1600 1645 γίγνεται,
1631 1581 1689 1649 τῇ
1723 1576 1775 1629 δὲ
1806 1582 1930 1628 καθ-

237 1660 335 1713 έσει
372 1665 472 1712 τῶν
512 1657 767 1711 δακτύλων
805 1657 915 1710 οὔτε
950 1657 1142 1726 θερμὸν
1178 1655 1438 1711 ὑποπίπτει
1475 1655 1528 1710 τὸ
1567 1659 1783 1726 ἔμβρυον
1821 1655 1932 1710 οὔτε

243 1738 543 1808 ἆσθμαῖνον.
613 1738 702 1792 ἐὰν
742 1739 796 1791 δὲ
834 1740 916 1791 καὶ
953 1740 1175 1809 προπέσῃ
1212 1760 1256 1790 τι
1295 1738 1454 1806 μέρος,
1492 1743 1635 1791 τοῦτο
1668 1738 1818 1805 μέλαν
1847 1737 1931 1788 καὶ

171 1841 215 1874 20
242 1824 483 1889 νεκρῶδες
522 1818 804 1889 εὑρίσκεται.
879 1819 969 1887 τὴν
1008 1821 1061 1872 δὲ
1108 1818 1295 1888 μήτραν
1341 1827 1657 1873 πεπονθυῖαν
1703 1817 1931 1886 σημειού-

241 1909 371 1970 μεθα
410 1903 464 1954 ἐκ
508 1908 594 1969 τῆς
642 1899 779 1968 ἁφῆς
818 1922 1101 1970 μεταγοντες
1140 1900 1199 1953 τὰ
1239 1902 1323 1953 ἐπὶ
1361 1906 1458 1952 τῶν
1496 1905 1679 1952 παθῶν
1717 1900 1931 1969 ρηθέντα

241 1990 430 2050 σημεῖα.
508 1981 597 2035 έαν
638 1980 684 2034 δ’
730 1983 784 2034 έν
821 1987 886 2054 τῷ
924 1980 1049 2034 τόκω
1090 1998 1277 2051 πασχη,
1326 2004 1413 2044 τας
1450 1980 1839 2044 κινδυνευουσας
1877 1982 1931 2032 ἐν

239 2069 304 2138 τῷ
350 2067 524 2116 τίκτειν
575 2035 913 2131 σημειούμεθα
958 2064 1012 2115 ἐκ
1051 2069 1300 2132 σφυγμοῦ,
1339 2064 1389 2125 ἐξ
1427 2060 1707 2129 ἀναπνοῆς,
1753 2083 1839 2124 τας
1877 2060 1932 2112 δὲ

240 2143 583 2212 ἆπολουμένας
631 2146 685 2196 ἐκ
730 2150 819 2212 τῆς
866 2141 1110 2210 ἆσφυξίας
1155 2144 1237 2195 καὶ
1283 2145 1337 2196 ἐκ
1381 2149 1467 2197 τοῦ
1512 2141 1769 2211 θανασιμα
1807 2144 1933 2211 ε’χειν

173 2246 216 2279 25
239 2224 298 2278 τὰ
336 2232 522 2294 σημεῖα.

242 2370 343 2412 μεις
376 2352 673 2406 ἐπιτεθιυίας
705 2369 729 2399 c
763 2349 1073 2426 (ὑποθετικάς
1103 2355 1173 2411 Ε).
1327 2359 1353 2398 3
1393 2354 1666 2412 praefigitur
1704 2354 1754 2398 in
1793 2367 1817 2397 c
1856 2353 1930 2400 tit.

242 2414 354 2464 Πῶς
386 2411 716 2484 σημειούμεθα
747 2410 804 2458 τοὶ
839 2416 968 2458 αἴτια
1000 2414 1082 2469 τῆς
1113 2414 1375 2465 ὃυστοκίας.
1408 2414 1514 2470 μθῖ
1649 2417 1674 2457 5
1706 2407 1736 2468 ἢ
1770 2427 1858 2458 om.
1892 2427 1929 2459 c,

301 2473 383 2516 καὶ
414 2470 492 2528 (τὰ
523 2475 623 2547 ψ.);,
650 2489 771 2518 κατα
805 2487 829 2516 0
862 2474 996 2545 (corr.
1020 2474 1090 2527 Ε).
1182 2478 1238 2517 7
1270 2469 1327 2517 τοὶ
1361 2474 1487 2543 (ante
1517 2469 1714 2528 τούτων)
1748 2472 1852 2516 add.
1878 2470 1931 2516 E.

304 2527 358 2576 ἔκ
389 2533 472 2575 τοῦ
506 2532 566 2575 E:
602 2527 653 2576 έν
685 2532 747 2576 τῶ
781 2533 848 2589 (..
869 2530 1069 2604 .τόπου)
1096 2545 1134 2578 e.
1235 2536 1291 2576 10
1324 2530 1398 2576 δεε
1430 2528 1521 2588 γὰρ
1553 2545 1590 2575 c.
1715 2535 1768 2575 12
1802 2527 1933 2587 ἐσχη-

244 2589 531 2661 ματισμένας
571 2587 1116 2648 <810).σημ.αυτὰς.
1180 2587 1266 2636 ἐὰν
1304 2607 1393 2647 γαρ
1434 2593 1469 2644 ζ.
1509 2603 1534 2633 c
1575 2589 1675 2646 (ubi
1716 2590 1934 2634 lacunam

246 2650 356 2694 ante
389 2644 553 2706 αὐτας,
586 2649 706 2695 siout
737 2664 844 2696 mox
874 2652 980 2707 post
1012 2647 1286 2694 ἑντείνουσα
1318 2649 1602 2706 significavit
1625 2647 1694 2706 Ε.)
1877 2653 1933 2692 14

247 2704 519 2752 έντείνουσα
552 2722 588 2752 c.
741 2706 793 2753 τὸ
820 2735 875 2741 -—
901 2708 1101 2753 καθέσει
1133 2707 1307 2753 addidi.
1461 2713 1515 2752 15
1562 2725 1645 2752 του
1679 2709 1930 2752 δακτυλίου

246 2781 284 2811 c.
439 2772 491 2811 17
525 2765 578 2811 δὲ
613 2780 702 2811 om.
737 2781 775 2812 c.
916 2773 970 2811 19
1019 2765 1262 2842 ἄσθμένον
1296 2766 1394 2824 (sic)
1426 2781 1450 2812 c
1482 2768 1604 2840 (non
1623 2763 1848 2823 ασθένον,
1881 2768 1934 2811 ub
1973 2764 1979 2772 '

245 2825 320 2883 D).
473 2824 526 2871 δε
559 2826 618 2871 E:
652 2842 702 2872 τε
736 2839 773 2873 0.
897 2831 952 2872 22
985 2823 1032 2871 δ’
1063 2824 1113 2871 ἐν
1144 2827 1204 2871 E:
1238 2825 1291 2871 δὲ
1326 2841 1364 2871 0.
1485 2831 1543 2871 24
1574 2824 1876 2884 απολυμένας
1907 2839 1931 2870 c

247 2885 393 2941 (col-r..
412 2883 482 2941 E).
