2014 3162
723 119 1121 172 —187—

0 260 1 293 ἶ
77 252 352 322 ἕπιμολύνει
389 251 505 316 τοὺς
541 251 737 316 τόπους.
792 250 924 319 παρὰ
965 252 1020 304 δὲ
1057 250 1146 320 τὴν
1186 252 1335 321 ὥραν,
1374 256 1516 322 ἔαρος
1547 256 1635 322 μὲν
1665 254 1758 324 γὰρ

78 342 269 400 πλεῖον,
323 334 507 403 θέρους
554 335 606 386 δὲ
646 336 839 386 ἔλαττον
879 331 945 396 ὥς
982 331 1048 385 ἂν
1085 340 1268 401 πολλῆς
1308 334 1648 403 διαφορήσεως
1688 334 1754 388 δι’

77 415 195 470 ὅλου
239 416 532 485 γιγνομένης
580 421 668 468 τοῦ
707 413 949 480 σώματος,
1003 414 1334 483 φθινοπώρου
1375 416 1429 467 δὲ
1466 423 1634 469 πλεῖον
1672 418 1760 483 μὲν

73 495 207 565 παρὰ
245 495 298 549 τὸ
336 497 485 564 θέρος
523 498 718 549 ἔλαττον
759 496 811 548 δὲ
849 494 982 564 παρὰ
1021 495 1073 550 τὸ
1113 498 1215 564 ἐάρ,
1254 503 1488 565 χειμῶνος
1528 497 1581 548 δὲ
1612 497 1761 549 πάλιν

0 569 1 584 ¹
75 579 269 631 ἔλαττον
314 583 401 630 τοῦ
448 576 795 645 φθινοπώρου.
869 576 1003 645 παρὰ
1051 578 1105 630 δὲ
1150 577 1236 641 τὰς
1274 581 1571 647 συγκρίσεις,
1616 599 1756 629 κατα-

74 660 293 726 πιμέλοις
338 659 428 726 μὲν
473 658 566 728 γὰρ
604 660 687 711 καὶ
724 662 947 727 παχείαις
984 655 1276 729 ὀλιγώτερον
1315 657 1380 722 ὦς
1417 656 1482 711 ἂν
1518 664 1603 727 τῆς
1641 658 1761 725 ὕλης

74 738 158 792 διὰ
209 739 301 808 τὴν
353 738 619 807 εὖτροφίαν
671 746 758 793 τοῦ
815 744 1136 810 συγκρίματος
1189 738 1596 808 ἆναλισκομένης,
1657 747 1761 802 ταῖς

75 822 372 890 ἰσχνοτέραις
412 822 465 873 δὲ
503 822 586 873 καὶ
617 818 852 887 ἆσάρκοις
888 829 1073 876 πλεῖον.
1123 819 1150 875 ὃ
1189 820 1282 890 γὰρ
1323 820 1414 874 οὐκ
1452 819 1761 887 ἐδαπάνησεν

75 906 145 966 εἰς
182 901 450 970 εὖτροφίαν
485 900 517 969 ἡ
551 901 717 968 φύσις,
755 907 896 954 τοῦτο
929 898 1223 954 ἐπλεόνασεν
1254 904 1323 963 εἰς
1354 902 1579 967 ἔκκρισιν.
1627 899 1762 967 παρὰ

74 984 129 1036 δὲ
165 981 218 1036 τὸ
258 981 556 1051 ἐπιτήδευμα
593 984 677 1035 καὶ
713 980 805 1050 τὴν
835 981 1053 1052 ἀγωγήν,
1091 988 1196 1044 ταῖς
1227 982 1318 1048 μὲν
1348 980 1482 1054 ἀργῷ
1514 985 1606 1053 βίῳ
1638 1004 1757 1049 χρω-

73 1064 241 1132 μέναις
278 1071 464 1130 πλεῖον,
509 1071 613 1126 ταῖς
661 1064 715 1115 δὲ
753 1069 1062 1136 γυμναστικῷ
1099 1061 1219 1115 καθ’
1263 1060 1325 1116 ὃν
1362 1061 1543 1130 δήποτε
1580 1061 1762 1130 τρόπον

74 1147 281 1198 ἔλαττον.
320 1146 400 1197 καὶ
443 1143 525 1197 διὰ
562 1151 712 1198 τοῦτο
744 1153 1029 1212 φωνασκοῖς
1065 1145 1148 1196 καὶ
1186 1151 1291 1206 ταῖς
1330 1142 1615 1211 ἀποδημίαν
1653 1141 1762 1194 τινὰ

75 1226 431 1294 στελλομέναις,
469 1227 549 1278 καὶ
590 1224 793 1293 μάλιστα
831 1234 936 1289 ταῖς
976 1228 1029 1279 ἐκ
1068 1229 1334 1294 μεσογείων
1370 1224 1537 1278 τόπων
1576 1228 1644 1287 εἰς
1681 1245 1761 1276 πε-

71 1310 271 1376 λαγίους
307 1305 507 1372 τόπους,
546 1305 880 1360 ὑποστέλλεται
917 1306 969 1360 τὸ
1008 1308 1219 1375 πλῆθος.

187 1395 272 1442 23.
333 1388 449 1441 ποτὲ
489 1388 542 1440 δὲ
580 1389 662 1440 καὶ
701 1387 752 1441 τὸ
794 1388 1020 1456 μηδόλως
1058 1392 1391 1455 καθαίρεσθαι
1428 1386 1550 1441 κατὰ
1589 1387 1759 1454 φύσιν,

74 1469 135 1524 οὗ
174 1469 330 1538 μόνον
367 1468 500 1537 παρὰ
539 1467 629 1537 τὴν
665 1467 862 1538 ἡλικίαν
898 1469 1136 1537 παιδικὴν
1168 1464 1323 1522 οὖσαν
1352 1466 1384 1536 ἢ
1416 1468 1762 1536 πρεσβυτικήν,

77 1550 200 1605 ἀλλὰ
245 1553 329 1604 καὶ
373 1549 508 1619 παρὰ
555 1550 607 1604 τὸ
648 1554 958 1618 φωνασκίαις
995 1548 1339 1618 ἆγωνιστικαῐς
1377 1555 1591 1617 χρῆσθαι
1629 1569 1759 1617 περι-

71 1633 338 1700 -ελκομένης
375 1633 458 1684 καὶ
496 1629 953 1699 ἆπαναλισκομένης
990 1637 1076 1699 τῆς
1113 1629 1251 1697 ὕλης,
1287 1627 1320 1697 ἢ
1359 1637 1460 1692 τοῖς
1499 1629 1630 1693 ’ὅλοις
1670 1628 1764 1682 σώ-

74 1731 222 1783 μασιν
258 1711 532 1781 ἀνδρώδεις
570 1711 823 1781 ὑπάρχειν,
862 1709 894 1780 ἢ
937 1710 1020 1764 διὰ
1057 1710 1110 1765 τὸ
1150 1710 1248 1765 ἀπὸ
1288 1717 1476 1780 μακρᾶς
1514 1709 1640 1764 εἶναι
1678 1710 1763 1764 νό-

76 1813 168 1849 σου
208 1795 569 1861 δαπανωμένης
612 1799 698 1861 τῆς
744 1792 866 1861 ὕλης
917 1797 986 1857 εἰς
1022 1792 1076 1846 τὸ
1116 1794 1353 1859 ἐλλεῖπον,
1398 1790 1431 1860 ἢ
1473 1791 1556 1844 διὰ
1594 1791 1762 1859 σύλλη-

74 1891 171 1943 ψιν
220 1874 608 1943 ἆναλισκομένου
658 1881 744 1928 τοῦ
795 1878 996 1942 αἵματος
1047 1878 1116 1938 εἰς
1153 1873 1244 1942 τὴν
1281 1879 1367 1927 τοῦ
1406 1872 1624 1941 έμβρύου
1665 1877 1767 1925 δια-

75 1956 282 2026 τροφήν.
329 1958 482 2019 ἐνίαις
519 1956 574 2008 δὲ
611 1957 695 2016 καὶ
733 1955 849 2024 μετὰ
889 1955 1136 2024 σύλληψιν
1175 1957 1484 2022 ἐπιφαίνεται
1521 1952 1764 2021 κάθαρσις

74 2038 184 2106 ἤτοι
236 2035 334 2091 ἀπὸ
396 2043 484 2091 τοῦ
544 2042 828 2107 γυναικείου
888 2037 1077 2091 κόλπου
1131 2034 1164 2104 ἢ
1228 2034 1328 2089 ἀπὸ
1382 2041 1470 2089 τοῦ
1523 2034 1764 2103 τραχήλου

73 2125 161 2188 τῆς
204 2117 406 2188 ὑστέρας
444 2120 528 2170 καὶ
564 2125 663 2171 τῶν
699 2125 938 2188 πλευρῶν.
993 2115 1024 2185 ἡ
1064 2116 1158 2187 γὰρ
1195 2116 1475 2186 πρόσφυσις
1504 2122 1591 2169 τοῦ
1622 2116 1763 2182 σπέρ-

74 2223 222 2270 ματος
272 2199 333 2254 οὗ
381 2198 500 2253 καθ’
544 2198 662 2267 ὅλης
706 2203 918 2268 γίγνεται
961 2205 1047 2267 τῆς
1092 2199 1296 2267 μήτρας,
1342 2195 1463 2250 κατὰ
1508 2195 1665 2264 μόνου
1706 2196 1760 2248 δὲ

71 2289 159 2336 τοῦ
196 2283 454 2350 πυθμένος
491 2279 654 2348 αὐτῆς.
705 2281 820 2334 ποτὲ
859 2281 912 2333 δὲ
949 2282 1033 2332 καὶ
1070 2278 1168 2333 ἀπὸ
1206 2286 1293 2333 τοῦ
1331 2277 1462 2332 καθὸ
1502 2277 1568 2346 μὴ
1607 2295 1757 2346 προσ-

74 2364 265 2431 πέφυκε
295 2361 347 2416 τὸ
371 2363 561 2431 σπέρμα
590 2365 804 2432 γίγνεται
834 2357 1132 2429 διαπήδησις
1166 2363 1366 2428 αἵματος
1396 2360 1478 2411 καὶ
1511 2357 1593 2411 διὰ
1623 2354 1765 2412 τοῦτό

75 2465 201 2507 τινες
239 2441 732 2512 έπισυλλαμβάνουσι.
801 2448 980 2505 κοινῶς
1020 2441 1074 2494 δὲ
1113 2440 1186 2495 ὅτι
1223 2439 1345 2494 κατὰ
1385 2440 1539 2508 φύσιν
1578 2441 1672 2493 ἐστὶ
1712 2438 1764 2493 τὸ

76 2523 142 2596 μὴ
181 2528 442 2595 γίγνεσθαί
479 2545 593 2578 ποτε
635 2523 724 2592 τὴν
770 2524 1016 2592 κάθαρσιν
1062 2524 1355 2592 σημειωτέον
1394 2524 1447 2575 ἐκ
1485 2527 1571 2575 τοῦ
1611 2521 1765 2589 μηδὲν

75 2601 286 2675 ὀχληρὸν
323 2612 735 2674 παρακολουθεῖν.

81 2783 85 2787 ·
198 2755 252 2794 19
285 2746 569 2806 ἄνδριώδεις
601 2750 702 2806 (sic)
735 2764 773 2794 c.
910 2755 968 2794 26
1000 2745 1150 2793 αὐτοῦ
1184 2762 1220 2793 c.
1344 2751 1400 2791 28
1433 2746 1602 2796 κοινῶς
1634 2740 1707 2789 ὅτι
1740 2759 1762 2788 0

78 2805 151 2867 (δὲ
183 2808 290 2853 add.
321 2807 391 2866 E).
515 2806 661 2864 φύσιν
695 2809 792 2865 (sic,
825 2822 918 2853 non
949 2805 1143 2874 φράσιν)
1178 2821 1219 2851 c.

1785 597 1804 630 5

1786 1003 1827 1034 10

1786 1405 1827 1438 15

1789 1812 1832 1842 20

1785 2215 1826 2248 25
