2014 3162
879 146 1241 199 ..16-

211 281 451 347 quidquid
492 283 730 348 tenuerit,
778 281 989 332 multum
1035 282 1231 332 fortiter
1278 281 1591 347 amplectitur
1641 288 1690 332 et
1748 283 1901 332 varie-

219 362 368 406 tatem
410 357 547 406 sinus
587 355 800 405 habebit.
1772 411 1778 420 ⁴

322 427 407 479 39.
449 428 609 487 Quoto
651 444 818 479 mense
858 431 1079 479 occurrit
1117 428 1501 494 praegnantibus
1542 425 1705 479 cissa?

320 503 632 568 frequentius
677 503 876 568 quidem
908 518 933 552 a
967 502 1186 552 secundo
1218 517 1387 552 mense
1421 504 1610 570 incipit,
1646 502 1903 568 aliquabus

164 587 187 621 5
212 591 328 626 vero
361 585 446 627 aut
485 579 631 627 citius
671 584 756 627 aut
796 577 985 627 tardius
1025 578 1257 626 occurrit.

321 647 407 701 40.
449 650 604 708 Quam
645 651 730 700 diu
770 658 1055 716 perseverat
1093 647 1256 700 cissa?

322 725 582 789 aliquando
622 740 781 790 usque
821 724 881 774 ad
920 727 1083 790 ipsum
1123 731 1334 789 partum.

320 796 410 848 41.
451 797 693 848 Omnibus
732 813 851 863 ergo
890 800 942 847 in
981 805 1124 847 utero
1167 795 1463 846 habentibus
1496 798 1715 848 occurrit
1746 794 1903 848 cissa?

321 887 420 921 non
460 872 689 922 omnibus
729 872 816 922 sed
856 871 1218 922 abundantibus
1257 867 1503 921 humore?

144 957 187 990 10
320 943 408 995 42.
450 945 706 1004 Quomodo
748 945 962 1011 agendae
1003 952 1120 995 suut
1159 959 1283 1010 quae
1324 946 1503 994 cissam
1540 941 1760 995 habent?

322 1020 636 1084 stringendae
692 1027 808 1070 sunt
857 1021 1120 1070 strictoriis
1169 1025 1374 1084 propter
1423 1012 1772 1068 abundantiam
1813 1018 1900 1069 hu·

210 1106 404 1142 morum
443 1099 493 1142 et
532 1095 754 1143 nausiam
795 1101 844 1143 et
883 1095 1267 1143 reiectationem.

319 1164 406 1217 43.
448 1167 584 1224 Quae
625 1169 696 1216 eis
736 1165 1061 1217 adhibemus?

323 1242 364 1289 si
404 1241 511 1290 fieri
550 1247 730 1308 potest,
767 1241 1129 1306 interponenda
1168 1247 1245 1289 est
1284 1241 1433 1290 unius
1466 1239 1564 1289 diei
1589 1239 1900 1291 abstinentia.

144 1324 187 1358 15
213 1315 255 1363 si
294 1329 393 1363 non
432 1321 611 1381 potest,
659 1315 860 1364 interim
899 1315 975 1363 vel
1013 1315 1226 1380 parcitas
1267 1315 1331 1363 sit
1370 1313 1489 1381 cibi,
1537 1329 1650 1364 cum
1689 1330 1900 1380 perunc-

210 1388 344 1437 tione
396 1387 723 1453 plurimorum
778 1387 994 1454 dierum,
1048 1390 1116 1437 ita
1179 1394 1236 1437 ut
1289 1389 1428 1451 prius
1484 1403 1661 1452 aquam
1715 1388 1899 1456 bibant,

210 1468 380 1526 postea
437 1469 601 1512 autem
641 1463 809 1512 vinum
850 1463 1108 1526 siccosque
1150 1468 1199 1510 et
1248 1462 1622 1511 constrictorios
1656 1464 1900 1528 accipiant

211 1533 363 1601 ciboS‚
396 1551 511 1584 cum
544 1534 916 1601 epithimatibus
948 1535 1168 1586 stalticis.
1223 1536 1407 1600 gestari
1441 1536 1588 1584 etiam
1619 1535 1899 1603 iubeantur,

215 1614 265 1657 et
305 1610 347 1657 si
386 1609 494 1658 fieri
533 1615 712 1676 potest,
751 1624 870 1658 voce
911 1615 961 1658 et
999 1609 1210 1659 lectione
1250 1615 1467 1658 utantur.

92 1685 185 1742 (16)
320 1679 408 1732 44.
473 1682 729 1740 Quomodo
772 1697 942 1732 mense
990 1684 1199 1748 septimo
1248 1682 1462 1747 agendae
1511 1689 1628 1732 sunt
1670 1682 1896 1748 gravidae

141 1769 183 1800 21
207 1753 479 1805 mulieres?

319 1831 371 1878 in
425 1829 653 1880 omnibus
700 1832 946 1894 patienter
995 1837 1044 1880 et
1091 1831 1278 1896 quiete,
1327 1844 1389 1878 ne
1436 1830 1585 1878 nimia
1623 1831 1898 1895 gestatione

208 1918 362 1968 pecus
409 1905 505 1953 iam
552 1905 829 1969 perfectum
881 1904 1003 1953 foris
1043 1905 1338 1969 excutiatur,
1378 1902 1621 1968 siquidem
1662 1905 1809 1953 etiam
1848 1911 1914 1966 et*

210 1978 473 2042 septimani
527 1980 663 2027 nasci
716 1984 938 2043 possunt.
1024 1993 1185 2042 neque
1246 1992 1364 2042 ergo
1417 1978 1684 2027 exercitius
1731 1984 1897 2043 partes

327 2152 356 2191 4
386 2148 654 2204 frequenter
686 2149 787 2205 (om.
822 2148 1029 2206 quidem)
1063 2149 1102 2193 b.
1254 2147 1422 2204 incipit
1453 2149 1468 2193 l
1495 2147 1585 2205 '(h):
1619 2161 1702 2194 om.
1736 2148 1776 2194 b.

211 2206 456 2263 aliquabus
489 2208 562 2252 bl:
595 2207 829 2263 aliquibus
858 2208 901 2252 h.
1025 2213 1050 2253 6
1085 2207 1202 2252 cissa,
1232 2221 1350 2264 pers.
1385 2208 1484 2264 (sic)
1518 2207 1628 2264 ἴθι).
1754 2212 1779 2252 ’1
1811 2206 1896 2252 ali-

211 2266 398 2321 quando
430 2267 477 2311 b:
511 2265 743 2322 aliquibus
775 2267 839 2311 lh.
984 2272 1009 2311 9
1041 2281 1134 2311 non
1166 2266 1380 2311 omnibus
1413 2280 1495 2311 om.
1528 2267 1559 2310 h
1590 2265 1776 2324 (Canta).

209 2324 591 2370 habundantibus
622 2326 816 2370 humore
849 2325 896 2370 b:
927 2325 1001 2369 his
1035 2325 1115 2382 qui
1144 2326 1420 2370 habundant
1450 2326 1495 2369 h.
1521 2326 1588 2370 lh.
1712 2330 1767 2371 10
1790 2325 1897 2371 huic

210 2385 468 2440 quaestioni
498 2385 615 2429 deest
645 2385 877 2441 responsio
908 2386 1034 2441 apud
1064 2386 1253 2441 interpr.
1284 2399 1351 2442 qr.
1377 2389 1430 2430 ut
1460 2386 1565 2442 ipsa
1595 2385 1731 2430 etiam
1761 2397 1896 2442 quae-

210 2444 297 2487 stio
327 2444 380 2487 in
403 2442 608 2500 Wolphii
640 2444 696 2500 (v.
722 2456 772 2500 p.
808 2445 853 2500 5)
886 2445 979 2489 cod.
1013 2445 1157 2489 latino
1189 2445 1264 2501 (=
1281 2445 1343 2501 h),
1375 2457 1469 2489 non
1498 2445 1551 2488 in
1583 2443 1713 2489 Cant.
1840 2447 1893 2487 11

210 2516 412 2574 stringe?
447 2522 552 2562 ante
582 2531 696 2562 corr.
723 2518 748 2561 b
781 2517 1067 2574 (stringende
1100 2517 1123 2560 s
1148 2519 1208 2574 b0,
1242 2516 1601 2574 constringende
1633 2517 1743 2562 sunl:
1773 2517 1821 2573 l).

208 2575 438 2620 habuntia
470 2577 510 2623 b.
664 2581 718 2620 12
753 2575 1032 2621 eiectatione
1065 2578 1089 2622 b
1123 2577 1444 2633 (reiectatione
1477 2578 1539 2632 bc,
1586 2574 1894 2620 reiactatione

249 2671 255 2679 .
382 2640 436 2679 15
469 2635 530 2680 sit
561 2636 633 2680 lh:
667 2648 750 2680 om.
775 2636 815 2680 b.
941 2641 993 2680 16
1026 2636 1152 2693 prius
1185 2637 1257 2680 lh:
1291 2635 1443 2692 primo
1470 2637 1515 2680 b.
1608 2633 1775 2680 bibant
1805 2634 1892 2692 (h):

208 2693 343 2738 bibat
373 2696 441 2739 bl.
596 2699 649 2740 17
687 2695 852 2751 postea
883 2696 969 2751 (h):
1023 2697 1210 2752 postero
1244 2696 1308 2740 bl.
1460 2695 1674 2750 siccoque
1705 2695 1753 2738 et
1784 2706 1894 2738 con-

210 2753 454 2799 strictoriis
487 2755 526 2799 b.
649 2752 852 2809 accipiat
883 2755 945 2798 bl.
1072 2759 1125 2798 18
1157 2754 1284 2798 cibos
1318 2755 1334 2799 l
1365 2753 1499 2811 (cibis
1528 2754 1598 2810 h).·
1629 2766 1713 2797 om.
1747 2753 1787 2797 b.

208 2810 481 2857 iubeanturz
512 2814 579 2858 sic
611 2813 710 2858 blh.
839 2817 891 2857 19
925 2812 965 2856 si
997 2826 1079 2858 om.
1114 2814 1154 2858 b.
1274 2814 1435 2857 utatur
1467 2813 1518 2857 bl
1549 2812 1726 2869 (-antur
1755 2811 1814 2868 h).

210 2875 266 2915 20
300 2872 497 2928 septimo
529 2885 687 2918 mense
720 2873 784 2917 lh.
908 2877 963 2916 23
997 2875 1044 2918 et
1075 2874 1111 2918 l:
1143 2885 1224 2917 om.
1250 2872 1325 2916 bh.
1449 2876 1507 2916 24
1539 2868 1779 2927 septimini
1809 2870 1837 2914 l.
