2014 3162
893 144 1252 199 -36-

342 279 495 329 semel
549 279 750 345 quidem
809 280 1044 331 lavandus
1092 288 1191 347 est,
1243 288 1292 330 et
1346 283 1387 331 si
1437 283 1707 332 necessitas
1755 281 1917 348 aliqua

232 356 531 420 occurrerit,
579 353 654 403 bis
702 356 752 403 in
801 354 878 404 die
926 355 1159 404 lavandus
1201 361 1289 404 est.
1367 369 1479 404 nam
1518 355 1753 420 frequens
1791 356 1914 406 lava-

227 443 370 478 crum
410 427 630 477 tahidum
671 443 852 493 corpus
892 428 1055 478 efficit.

340 500 460 553 101.
501 501 556 550 In
598 502 731 567 quali
770 502 877 551 loco
917 501 1149 552 lavandus
1190 509 1266 552 est
1303 499 1499 552 infans?

180 586 201 620 5
338 577 390 626 in
429 575 642 626 obscuro
679 582 729 625 et
761 582 1035 642 temperate
1062 575 1233 641 calido,
1271 574 1340 624 ibi
1371 575 1605 625 lavandus
1639 583 1715 626 est
1738 576 1916 644 infanS,

227 656 277 699 et
315 665 415 700 non
454 652 506 699 in
537 649 715 714 frigido
756 658 840 699 aut
879 652 1042 700 statim
1083 649 1252 699 calido,

343 722 459 774 102.
503 723 758 781 Quomodo
799 723 1080 773 fasciandus
1120 730 1197 773 est
1234 723 1397 772 infans
1436 730 1549 788 post
1590 719 1872 774 lavacrum?

338 798 511 846 sedere
552 796 698 846 debet
737 797 978 847 obstetrix
1016 796 1224 863 genibus
1263 798 1447 846 iunctis
1481 804 1530 846 et
1561 798 1612 846 in
1645 796 1916 848 femoribus

228 872 332 920 suis
357 873 507 920 misso
533 870 735 920 linteolo
769 872 1006 921 infantem
1039 873 1262 937 accipere
1297 877 1347 920 et
1378 869 1584 920 sublatis
1618 871 1783 920 fasciis
1808 869 1915 921 oleo

158 955 202 988 10
226 944 393 1010 tepido
434 960 670 1011 unguere,
712 952 761 994 et
798 946 849 994 in
889 945 1027 1010 pelve
1068 945 1242 1009 grandi
1289 959 1413 1009 aqua
1446 944 1602 994 calida
1631 944 1831 1009 limpida
1867 952 1916 995 et

226 1020 334 1067 sine
374 1018 525 1067 odore
556 1020 705 1068 missa
739 1025 1029 1086 temperare,
1069 1019 1246 1068 deinde
1280 1020 1479 1067 sinistra
1511 1012 1667 1067 'manu
1700 1033 1787 1067 sua
1824 1017 1916 1068 sub

227 1092 403 1141 ascella
454 1092 626 1141 dextra
665 1092 902 1143 infantem
943 1100 1114 1142 tenere
1154 1094 1221 1142 ita
1259 1099 1315 1142 ut
1353 1098 1528 1156 pectus
1567 1093 1725 1157 ipsius
1767 1107 1917 1158 supra

228 1165 452 1215 cubitum
507 1167 613 1214 eius
660 1168 837 1233 iaceat,
892 1166 1068 1216 deinde
1115 1168 1166 1214 in
1224 1181 1349 1231 aqua
1404 1166 1684 1231 depositum
1743 1165 1918 1216 leviter

228 1239 516 1306 fomentare,
541 1241 701 1304 primo
727 1239 944 1300 dorsum,
971 1240 1146 1289 deinde
1175 1242 1409 1305 supinum
1435 1255 1743 1305 conversum,
1769 1241 1918 1289 etiam

161 1323 203 1358 15
228 1319 394 1378 partes
433 1315 564 1378 ipsas
606 1313 770 1362 fovere
811 1316 877 1363 ita
917 1321 973 1364 ut
1005 1329 1176 1363 omnes
1216 1329 1367 1378 rugae
1400 1328 1525 1378 quae
1558 1315 1608 1362 in
1643 1312 1767 1362 collo
1801 1320 1918 1363 sunt

227 1393 278 1435 et
317 1402 526 1436 concava
566 1386 671 1436 loca
712 1389 858 1436 sicuti
898 1395 1013 1437 sunt
1053 1387 1258 1436 ascellae
1303 1394 1353 1436 et
1391 1387 1615 1451 anquilae
1656 1386 1918 1451 diligenter

228 1467 563 1526 extergantur,
602 1462 907 1526 inmissoque
948 1461 1100 1526 digito
1145 1463 1196 1510 in
1236 1475 1291 1510 os
1331 1461 1533 1510 infantis
1573 1461 1770 1510 salivam
1811 1462 1918 1510 eius

228 1541 487 1599 extergere
527 1542 577 1584 et
616 1534 794 1584 leniter
826 1535 1042 1600 linguam
1075 1543 1124 1584 et
1155 1536 1375 1599 gingivas
1411 1535 1701 1601 confricare,
1740 1534 1917 1584 deinde

228 1607 323 1656 levi
383 1623 532 1657 manu
595 1623 743 1673 supra
798 1610 1046 1673 pectinem
1099 1623 1326 1673 premere
1386 1615 1441 1658 ut
1493 1610 1636 1658 urina
1700 1608 1917 1658 officium

161 1693 205 1726 20
230 1688 484 1731 memoret.
571 1682 657 1731 sed
710 1697 823 1731 cum
877 1682 1060 1731 videris
1116 1697 1297 1746 corpus
1353 1683 1460 1731 eius
1515 1683 1565 1730 in
1614 1681 1919 1746 aliquantum

232 1754 523 1806 calefactum
564 1755 868 1805 sufficienter
908 1755 1179 1822 obruendo,
1216 1755 1378 1804 levare
1420 1762 1469 1804 et
1505 1757 1557 1804 in
1596 1754 1762 1821 tepida
1793 1770 1919 1820 aqua

230 1830 413 1878 iterum
454 1844 568 1878 eum
607 1828 856 1894 deponere
897 1838 953 1879 ut
992 1829 1050 1878 ad
1090 1844 1237 1879 usum
1277 1829 1481 1894 frigidae
1521 1843 1808 1878 assuescere
1845 1831 1917 1878 in·
1993 1871 1995 1874 .

232 1902 338 1952 fans
413 1905 547 1952 ossit.

344 1919 464 2025 133.
526 1976 736 2042 Propter
792 1992 938 2042 quam
1001 1992 1197 2026 causam
1251 1984 1363 2041 post
1415 1976 1663 2026 lavacrum
1715 1964 1917 2026 infantis

161 2060 205 2094 25
230 2048 410 2115 plantis
451 2053 658 2100 retentis
698 2059 844 2116 caput
882 2053 1046 2100 iusum
1087 2047 1442 2115 suspenditur?

341 2123 551 2188 ideoque
585 2126 716 2173 enirn
748 2132 804 2174 ut
835 2126 942 2188 ipso
975 2124 1194 2189 pondere
1227 2126 1486 2174 universae
1519 2126 1779 2173 iuncturae
1812 2131 1916 2173 ten-

351 2285 376 2324 2
410 2279 502 2324 bis:
537 2282 585 2324 et
614 2280 687 2324 bis
719 2281 785 2325 lh.
920 2281 1159 2324 lavacrum
1191 2280 1404 2324 tabidum
1437 2282 1522 2337 (h):
1555 2281 1768 2325 lavacrus
1798 2261 1917 2338 tepi-

233 2339 318 2383 dus
350 2340 434 2395 (sie
464 2340 549 2395 ips.
584 2341 715 2394 corr.)
754 2341 779 2385 b
827 2340 1055 2396 (lavacrus
1090 2338 1252 2395 tepidu
1284 2341 1330 2396 l).
1453 2345 1478 2383 7
1511 2339 1695 2384 lavacro
1728 2340 1766 2384 b.
1890 2343 1917 2384 8

234 2398 426 2442 debebit
457 2399 520 2442 lh.
669 2403 722 2442 11
755 2399 898 2443 misso
932 2400 958 2443 b
991 2401 1090 2454 (om.
1125 2399 1170 2453 Z).
1310 2403 1362 2442 15
1394 2398 1543 2443 foveri
1574 2400 1600 2444 b
1632 2399 1719 2455 (·re
1750 2399 1797 2454 l).

232 2471 372 2514 rugas
405 2458 457 2501 bl
489 2459 643 2513 (ragas
675 2458 733 2511 h).
861 2462 915 2502 16
948 2459 996 2503 et
1021 2484 1074 2489 -—
1102 2458 1211 2501 sunt
1241 2458 1290 2501 h:
1323 2471 1407 2502 om.
1441 2459 1504 2503 bl.
1627 2455 1845 2513 anquillae
1877 2458 1918 2513 b,

232 2515 440 2571 anquille
472 2517 488 2560 Z
520 2516 749 2573 (anguiles
781 2518 841 2572 h).
976 2521 1029 2561 17
1063 2516 1360 2572 extergentur
1391 2517 1430 2561 b.
1554 2517 1728 2561 salivae
1761 2515 1858 2560 eius
1892 2517 1917 2560 b

233 2574 395 2631 (salive
429 2575 472 2620 ei
508 2576 553 2631 l).
679 2580 732 2620 18
765 2575 988 2633 gengivas
1021 2575 1059 2620 b.
1207 2579 1260 2619 19
1293 2574 1388 2619 levi
1418 2588 1560 2619 manu
1592 2576 1680 2620 blh
1711 2571 1919 2632 (κούφως

235 2633 336 2679 Sor.
362 2637 468 2689 156,
492 2637 557 2690 2).
680 2648 889 2691 premere
922 2636 975 2679 ut
1006 2635 1116 2691 (1702
1167 2636 1463 2689 praemerent
1493 2635 1531 2680 b.
1654 2638 1711 2678 20
1742 2648 1917 2679 memo-

234 2694 307 2737 ret
339 2694 415 2737 bl:
463 2695 795 2738 commemoret
824 2695 867 2737 h.
1019 2698 1074 2738 21
1111 2692 1432 2737 sufficiendum
1466 2694 1658 2737 obruere
1689 2692 1845 2738 levare
1877 2693 1917 2748 b,

236 2751 513 2796 sufficiendfi
547 2753 734 2797 obluere
767 2753 926 2798 lavare
958 2753 976 2795 1
1008 2752 1308 2807 (sufficienter
1340 2751 1544 2796 obruisse
1577 2752 1737 2796 lavare
1767 2752 1827 2807 h).

235 2816 295 2867 22
325 2810 498 2868 frigida
530 2812 555 2855 b
589 2811 805 2869 (frigidae
837 2825 986 2868 aquae
1019 2813 1064 2868 l).
1219 2814 1275 2854 24
1319 2811 1440 2856 hanc
1469 2825 1540 2868 qu.
1574 2824 1655 2856 om.
1688 2811 1728 2854 h,
1860 2815 1916 2855 26

235 2883 290 2914 ex
322 2871 425 2927 ipso
456 2886 500 2927 p.
535 2871 564 2915 l.
687 2871 900 2931 universe
934 2872 969 2916 l:
1003 2885 1072 2916 -so
1106 2871 1145 2916 b.
