2014 3162
819 135 1186 171 —VII—

163 257 408 307 tissimum
467 255 525 304 de
573 260 720 320 partu
768 254 968 304 difficili.
1045 261 1159 319 post
1209 255 1339 319 quod
1381 259 1561 321 repetit
1599 260 1848 324 interpres

165 336 510 394 argumentum
552 328 612 377 de
644 330 921 378 retentione
955 329 1285 377 secundarum
1318 328 1393 377 bis
1426 336 1564 380 textu
1593 332 1847 395 paululum

163 403 446 467 divergente
458 404 624 451 nescio
636 417 696 451 an
711 417 770 451 ex
782 402 1110 467 duplicifonte
1125 403 1354 466 positum.
1367 418 1455 467 ego
1469 419 1534 453 sc.
1547 420 1658 454 cum
1678 407 1847 455 eadem

163 478 441 541 argumenti
466 477 593 525 serie
620 477 714 525 etsi
739 491 838 524 non
857 475 1029 525 eodem
1048 475 1235 525 ambitu
1251 476 1454 525 eandem
1474 478 1577 526 fere
1594 481 1848 528 materiam

160 552 211 599 in
259 557 472 615 utroque
521 565 670 614 opere
718 555 957 599 tractasse
998 549 1241 614 videatur,
1290 565 1389 598 non
1429 550 1646 600 dubitavi
1685 554 1845 616 ipsum

162 639 394 688 graecum
433 631 637 689 textum,
677 625 820 673 cuius
859 623 1092 687 reliquias
1126 623 1399 687 discerptas
1425 623 1706 673 felicissimo
1734 626 1848 674 olim

160 700 361 748 invento
409 697 693 747 Fridericus
740 697 1010 746 Reinoldus
1059 697 1194 747 Dietz
1246 697 1447 746 Parisiis
1496 701 1740 763 repperit,
1790 699 1849 748 ad

162 770 431 821 Muscionis
484 778 674 820 textum
714 771 919 820 latinum
961 773 1101 835 quasi
1141 771 1384 835 quandam
1425 786 1648 820 normam
1686 773 1847 822 denuo

161 860 473 910 componere.
557 846 608 893 in
648 845 739 894 hac
779 847 910 894 enim
950 860 1005 894 re
1046 845 1196 894 falsus
1238 852 1314 894 est
1354 844 1628 911 ErmerinS,
1670 849 1754 910 qui
1788 862 1847 895 ex

160 918 333 968 Dietzii
351 918 630 983 apographo
648 920 875 983 imperite
887 925 998 983 post
1008 925 1218 968 mortem
1228 919 1470 983 impresso
1483 919 1694 984 capitula
1708 919 1848 968 Sora-

159 1008 251 1041 nea
273 1008 386 1042 cum
407 994 624 1042 Aetianis
646 987 784 1060 (libri
809 989 941 1059 XVI)
980 1008 1105 1057 quae
1131 992 1301 1041 eadem
1327 992 1563 1042 docerent
1588 993 1646 1041 ad
1673 1009 1847 1042 novam

160 1067 404 1130 quandam
444 1072 494 1115 et
531 1065 726 1131 plenam
766 1066 1083 1115 muliebrium
1124 1066 1463 1115 collectionem
1505 1066 1564 1115 ab
1605 1082 1846 1132 anonymo

160 1141 372 1204 quodam
414 1142 684 1205 composita
723 1142 914 1205 primus
956 1142 1192 1206 exsecuit,
1240 1142 1514 1189 orationem
1562 1148 1847 1205 corruptam

160 1216 282 1263 scite
310 1215 598 1264 emendavit.
645 1214 856 1263 eundem
882 1230 971 1279 ego
1004 1221 1154 1279 prout
1185 1215 1324 1279 potui
1350 1216 1603 1278 corrigens
1628 1214 1848 1263 laborem

157 1290 368 1353 repetivi
414 1295 462 1337 et
508 1288 635 1337 Aetii
682 1295 822 1337 textu
863 1295 1143 1352 comparato
1185 1303 1359 1352 graece
1399 1288 1584 1337 inedito
1627 1297 1675 1337 et
1715 1288 1845 1353 quod

158 1362 374 1426 neglexit
419 1361 676 1411 Ermerins
724 1362 783 1411 ad
823 1362 996 1411 Dietzii
1045 1362 1379 1426 apographum
1433 1364 1652 1425 (plamvis
1693 1362 1848 1411 fidum

159 1437 322 1485 denuo
358 1430 420 1501 (a.
451 1431 615 1500 1878)
642 1451 733 1484 nec
766 1437 871 1484 sine
905 1436 1071 1485 fructu
1106 1435 1279 1484 collato
1306 1435 1474 1484 codice
1501 1430 1846 1503 parisiensifl)

159 1511 306 1558 unico
356 1509 530 1558 Sorani
584 1509 734 1558 fonte.
822 1525 934 1558 nam
983 1511 1067 1573 qui
1115 1509 1335 1558 eiusdem
1385 1508 1690 1558 collectionis
1737 1525 1848 1574 par·

159 1583 359 1632 ticulam
408 1582 650 1647 quandam
691 1582 997 1647 eandemque
1039 1584 1294 1631 continent
1343 1576 1433 1649 (sc.
1476 1582 1659 1632 codicis
1695 1582 1849 1632 PariS.

158 1672 262 1721 cap.
300 1654 490 1706 1—44.
529 1653 762 1706 55—67.
794 1653 878 1707 69.
920 1657 980 1705 cf.
1022 1663 1122 1706 not.
1162 1656 1218 1705 ad
1263 1656 1336 1704 ed.
1378 1654 1712 1721 Dietz.p.90‚
1743 1654 1846 1707 161

158 1738 206 1780 et
254 1729 387 1779 Erm.
431 1731 582 1795 praef.
623 1747 670 1795 p.
711 1725 816 1797 CX)
855 1730 971 1779 libri
1010 1732 1141 1779 vitiis
1181 1737 1373 1779 tantum
1413 1730 1557 1778 modo
1599 1733 1732 1779 aucti
1772 1746 1849 1779 re-

157 1806 430 1853 centissimi
468 1803 851 1853 Barberinianus
893 1811 942 1853 et
980 1803 1261 1869 Vossianus,
1301 1805 1458 1868 ipsius
1491 1803 1675 1853 codicis
1707 1804 1841 1854 Pari-

157 1879 334 1926 siensis
381 1872 734 1943 apographaffi)
783 1885 900 1927 sunt
945 1880 997 1926 in
1036 1893 1183 1927 usum
1231 1879 1452 1927 virorum
1492 1878 1750 1927 doctorum
1792 1886 1840 1927 et

155 1951 447 2001 Latinorum
488 1967 514 2000 a
554 1951 741 2001 Latinis
783 1952 909 2001 facta
951 1946 1103 2019 (saec.
1145 1947 1293 2019 XVI).

272 2025 368 2074 Sed
408 2025 538 2074 unde
578 2025 847 2075 Muscionis
887 2041 1068 2075 nomen
1109 2027 1342 2090 scriptori
1380 2025 1531 2074 latino
1572 2027 1680 2090 qui,
1734 2024 1849 2074 licet

158 2101 209 2148 in
257 2099 365 2151 loeo
413 2114 620 2163 prorsus
667 2099 864 2149 turbato
914 2115 1004 2148 nec
1044 2115 1218 2165 graece
1261 2114 1392 2148 nunc
1435 2106 1630 2148 extante
1672 2105 1842 2164 utpote

159 2188 218 2222 ex
279 2174 661 2238 responsionum
722 2188 871 2239 opere
927 2180 1146 2239 sumptO,
1207 2173 1513 2222 Muscionem
1567 2175 1673 2237 ipse
1732 2174 1851 2222 citet

160 2247 402 2296 Graecum
450 2247 638 2296 scilicet
684 2247 975 2312 Μοσχίωνα.
1053 2249 1124 2297 sic
1173 2249 1303 2296 enim
1343 2247 1524 2312 legitur
1562 2246 1629 2311 II,
1684 2244 1774 2312 17,
1817 2243 1848 2296 8

157 2328 240 2388 „et
287 2321 409 2370 haec
458 2328 574 2371 sunt
621 2336 796 2370 causae
846 2336 967 2385 quas
1014 2320 1238 2370 Muscion
1287 2316 1381 2388 (sic
1434 2320 1539 2370 cod.
1581 2319 1721 2369 Hafn.
1763 2319 1848 2369 ubi

157 2410 279 2460 „ego
330 2391 542 2444 mustio“
580 2394 730 2444 BruX.
775 2410 897 2461 „ego
945 2390 1204 2444 muscion“
1241 2390 1411 2461 Laur.)
1452 2402 1502 2443 et
1542 2395 1698 2443 ceteri
1737 2409 1847 2443 auc-

158 2475 293 2516 tores
342 2468 605 2518 voluerunt
653 2470 815 2518 facere
865 2468 1168 2517 difficultatis
1207 2475 1393 2533 partus.
1474 2468 1691 2517 Soranus
1732 2482 1847 2515 vero

159 2549 330 2591 noster
378 2541 494 2590 alias
552 2544 772 2606 suggerit
829 2538 1047 2592 causas“.
1145 2541 1230 2591 ubi
1290 2543 1486 2591 codices
1540 2541 1596 2590 bl
1652 2543 1736 2605 qui
1790 2540 1849 2589 ad

158 2615 437 2679 exemplum
490 2616 808 2680 praefationis
855 2611 1009 2682 „ego“
1063 2615 1184 2664 illud
1232 2617 1408 2665 imitati
1459 2615 1734 2664 intulerunt
1787 2629 1848 2662 ne

157 2688 443 2738 manifestae
498 2689 892 2754 interpolationis
948 2691 1021 2738 rei
1078 2689 1365 2738 viderentur
1408 2689 1483 2737 vel
1532 2695 1846 2737 correcturae

155 2777 363 2826 prorsus
395 2765 604 2829 ineptae,
653 2765 926 2812 omiserunt
959 2763 1090 2827 quod
1116 2764 1447 2812 certissimum
1491 2770 1565 2810 est
1593 2761 1844 2826 „Soranus

158 2831 310 2883 vero“
347 2836 568 2901 legentes
607 2852 697 2902 pro
737 2833 971 2904 „nostro“
1009 2838 1209 2885 Sorano
1273 2838 1366 2885 iste
1407 2842 1570 2885 autem
1595 2833 1847 2883 Moschion
