2014 3162
903 142 1302 193 —114—

250 280 303 327 in
351 278 546 327 fervura
600 277 819 326 matricis
858 277 1136 340 posuimus,
1214 275 1478 325 recedente
1525 282 1687 326 autem
1728 277 1941 345 fervura,
1991 282 1996 285 ’

252 351 430 401 callum
484 352 534 399 in
589 350 749 399 medio
799 349 1063 398 dividimus
1119 354 1168 397 et
1222 363 1281 397 ex
1337 357 1548 414 utraque
1603 356 1743 415 parte
1799 365 1940 417 myzo
2013 407 2014 416 ἵ

251 431 478 475 tenentes
526 424 671 473 latius
719 422 1066 488 praecidimuS,
1114 428 1169 471 ut
1208 422 1444 472 lateribus
1485 425 1688 473 cicatrix
1728 439 1939 475 currens

248 500 432 549 iterum
473 499 714 547 orificium
754 512 852 546 non
892 496 1068 571 cludat.

71 689 261 748 ‹ind-ffl)
465 670 700 724 XXXIII
760 670 836 724 De
879 668 956 722 eis
996 682 1134 738 quae
1174 667 1393 723 clausae
1432 670 1751 740 nascuntur,

203 777 223 808 6
769 766 819 810 et
857 763 1176 824 appellantur
1215 764 1424 811 atretoe.

359 876 493 950 (91.)
534 879 716 929 Tribus
756 879 956 944 quidem
996 877 1153 927 modis
1193 877 1387 928 clausae
1427 885 1702 928 nascuntur
1740 879 1933 944 puellae

245 955 321 1005 vel
375 955 671 1004 efficiuntur.
750 960 833 1002 aut
887 953 1018 1001 enim
1063 953 1114 1000 in
1158 953 1435 1016 pinnaculis
1489 952 1570 1019 hic
1610 969 1636 1002 a
1674 953 1795 1002 foris
1851 969 1930 1003 co-

243 1027 562 1078 haerentibus
604 1027 887 1093 cluduntur,
926 1031 1011 1075 aut
1049 1026 1170 1090 ipsis
1211 1026 1410 1090 quidem
1449 1026 1734 1091 patentibus
1766 1027 1931 1076 medio

176 1115 220 1147 10
244 1105 355 1152 sinu
406 1100 638 1152 muliebri
675 1100 823 1165 pulpa
862 1099 939 1148 vel
979 1098 1321 1148 membranum
1359 1102 1656 1166 innascitur,
1711 1109 1796 1150 aut
1833 1101 1927 1150 hoc

243 1179 391 1225 etiam
417 1178 528 1224 sinu
545 1180 744 1239 patente
770 1174 1013 1223 orificium
1035 1173 1254 1222 matricis
1272 1173 1504 1240 cluditur,
1528 1175 1596 1223 ita
1621 1181 1676 1223 ut
1697 1173 1934 1224 mulieres

241 1249 501 1314 aliquando
549 1249 609 1298 ad
657 1263 812 1297 unum
853 1247 1070 1296 officium
1110 1253 1372 1296 teneantur
1419 1247 1679 1312 aliquando
1721 1247 1780 1297 ad
1820 1249 1929 1298 tria.

241 1324 471 1388 quotiens
522 1336 639 1385 ergo
686 1321 767 1370 hic
807 1321 927 1369 foris
967 1320 1228 1384 pinnacula
1268 1320 1363 1370 sibi
1403 1321 1682 1387 cohaerent,
1734 1321 1792 1370 ad
1833 1323 1930 1371 tria

240 1397 399 1446 officia
437 1396 672 1445 mulieres
711 1395 1050 1461 inpediuntur,
1091 1394 1150 1443 ad
1198 1410 1345 1444 usum
1383 1396 1602 1444 virorum
1642 1401 1692 1444 et
1731 1396 1790 1444 ad
1815 1410 1931 1459 pur-

172 1483 213 1515 15
238 1472 484 1535 gationem
525 1476 574 1519 et
612 1468 671 1518 ad
710 1474 1021 1533 conceptum.
1099 1470 1141 1517 si
1179 1483 1296 1518 vero
1335 1468 1618 1533 pinnaculis*
1644 1468 1934 1532 patentibus

237 1545 289 1592 in
336 1543 498 1592 medio
546 1544 658 1592 sinu
706 1541 937 1591 muliebri
972 1542 1123 1591 fuerit
1163 1542 1377 1609 clusura,
1418 1542 1476 1592 ad
1518 1543 1615 1591 duo
1656 1542 1816 1591 officia
1855 1544 1930 1591 in-

236 1617 530 1683 pediuntur,
577 1616 636 1665 ad
671 1616 1165 1665 communicationem
1205 1618 1299 1664 viri
1338 1622 1388 1665 et
1427 1615 1486 1665 ad
1527 1621 1844 1682 conceptum,
1887 1618 1932 1666 si

239 1690 438 1756 quidem
485 1691 577 1739 hoc
627 1696 898 1754 utcumque
944 1695 1199 1738 menstrua
1244 1689 1425 1753 liquari
1474 1690 1667 1754 possint
1716 1704 1807 1754 per
1833 1702 1924 1739 ‘ca-

237 1779 438 1813 vernam
492 1779 587 1829 qua
642 1764 791 1812 etiam
839 1771 888 1812 et
932 1764 1077 1812 urina
1124 1762 1417 1812 excluditur.
1480 1765 1711 1828 quotiens
1762 1769 1926 1813 autem

169 1850 214 1884 20
238 1839 483 1887 orificium
535 1838 755 1886 matricis
802 1836 952 1885 fuerit
999 1836 1236 1902 clausum,
1291 1836 1351 1885 ad
1402 1836 1499 1886 duo
1541 1837 1700 1886 officia
1738 1837 1928 1903 inpedi-

236 1917 412 1978 untur,
460 1911 705 1976 siquidem
752 1925 844 1959 nec
890 1912 1094 1975 purgari
1117 1925 1228 1960 nec
1269 1912 1531 1975 concipere
1571 1912 1785 1977 possint,
1832 1912 1927 1962 viri

356 2072 378 2111 1
411 2066 649 2124 posuimus
680 2068 727 2122 b,
775 2080 1021 2124 possumus
1055 2067 1091 2111 l:
1135 2067 1291 2123 posita
1323 2068 1431 2112 sunt
1460 2068 1502 2111 h.
1684 2067 1842 2112 autem
1874 2067 1923 2112 b:

232 2140 343 2171 vero
374 2127 418 2182 h,
451 2140 559 2183 ergo
592 2127 621 2172 Ζ.
766 2131 791 2170 2
823 2139 956 2182 myzo
988 2126 1061 2181 bl,
1094 2125 1233 2171 micio
1263 2127 1305 2170 h.
1450 2131 1476 2170 3
1509 2126 1721 2170 tenentes
1751 2127 1802 2170 h:
1837 2139 1920 2172 om.

233 2186 302 2229 bl.
423 2189 452 2228 4
482 2186 653 2230 iterum
686 2186 760 2229 bl:
792 2187 978 2229 uterum
1008 2185 1049 2229 h.
1183 2199 1277 2230 non
1309 2184 1469 2229 cludat
1499 2185 1571 2229 bl:
1605 2185 1851 2229 concludat
1878 2186 1924 2230 h.

294 2249 319 2288 6
350 2246 547 2289 metrete
581 2245 622 2298 b,
653 2245 851 2288 metrate
884 2244 912 2299 l,
944 2243 1135 2304 mitra.th²
1165 2245 1206 2288 h.
1363 2249 1388 2288 7
1422 2243 1611 2300 quidem
1642 2257 1725 2288 om.
1758 2244 1799 2289 h.

230 2303 390 2358 puelle
422 2302 496 2348 vel
527 2303 598 2347 eff.
634 2303 705 2348 bl:
739 2316 821 2347 om.
853 2302 895 2346 h.
1070 2308 1097 2348 8
1128 2306 1212 2348 aut
1242 2303 1366 2347 enim
1396 2303 1445 2347 h:
1478 2316 1561 2347 om.
1587 2303 1652 2347 bl.
1843 2301 1923 2347 hic

233 2363 305 2406 lh:
340 2361 528 2418 quidem
560 2363 599 2407 b.
722 2375 750 2405 a
780 2361 906 2406 foras
935 2362 978 2407 h.
1101 2367 1126 2406 9
1158 2361 1429 2419 patentibus
1461 2362 1511 2405 h:
1542 2360 1749 2406 fatentur
1780 2361 1845 2406 bl.

230 2421 279 2464 in
310 2419 465 2465 medio
495 2421 540 2464 h.
664 2425 716 2464 11
750 2420 820 2464 ita,
842 2423 896 2465 ut
928 2421 1012 2464 bh:
1045 2422 1127 2464 aut
1157 2422 1184 2467 Ζ.
1314 2425 1368 2464 12
1402 2419 1629 2464 orificium
1659 2419 1921 2476 impedian-

229 2485 307 2524 tur
336 2480 378 2525 h.
503 2484 556 2523 13
589 2479 713 2524 foras
735 2480 778 2524 h.
901 2479 1134 2524 coherent.
1167 2480 1227 2523 ad.
1256 2478 1349 2524 tria.
1377 2479 1426 2522 h:
1467 2478 1714 2523 coherente
1747 2479 1859 2536 θεῷ
1885 2479 1920 2536 Ζ)

228 2551 391 2597 matris
424 2552 489 2597 bl.
615 2558 668 2596 16
701 2552 762 2596 ad
794 2553 908 2596 duo:
942 2552 1076 2596 Aduo
1107 2553 1158 2608 h,
1189 2553 1280 2597 duo
1314 2554 1378 2598 bl.
1459 2551 1803 2621 —inpediuntur
1833 2566 1916 2598 om.

230 2627 269 2671 b.
396 2630 449 2670 17
483 2625 543 2670 ad
575 2626 739 2682 (conc.)
772 2639 855 2671 om.
889 2626 928 2671 b.
1032 2625 1272 2682 Siquidem
1294 2651 1354 2659 ——
1376 2625 1495 2682 poss.
1517 2662 1556 2671 ..
1597 2625 1644 2670 b:
1678 2625 1919 2682 Siquidem

227 2687 283 2729 ut
314 2699 419 2729 cum
450 2699 510 2728 m.
537 2685 567 2728 l.
600 2684 690 2729 hoc
721 2683 981 2741 possint...
1014 2685 1057 2738 h,
1092 2683 1332 2740 Siquidem
1363 2685 1453 2729 hoc
1483 2699 1544 2728 m.
1577 2697 1662 2741 per
1693 2698 1918 2729 cavernas

227 2744 406 2788 vessice
437 2743 835 2789 administrantur.
867 2757 950 2800 per
979 2743 1114 2787 urina
1144 2743 1395 2788 effunditur
1427 2745 1454 2789 Ζ.
1586 2748 1639 2787 19
1674 2758 1787 2800 qua:
1824 2757 1916 2802 que.
1948 2748 1970 2770 Ψ

226 2804 269 2857 h,
303 2808 347 2860 (ῖς
383 2804 422 2848 b.
545 2804 612 2847 et:
646 2815 702 2846 ex
733 2803 773 2858 b,
806 2815 888 2846 om.
920 2803 962 2846 h.
1109 2807 1165 2847 20
1198 2802 1406 2847 clausum
1438 2803 1509 2847 bl:
1545 2802 1722 2847 clusum
1751 2803 1793 2847 h.

226 2862 289 2906 ad
322 2863 412 2907 duo
445 2861 494 2907 bx
527 2862 647 2906 aduo
679 2862 722 2919 h,
756 2860 917 2906 addito
951 2862 977 2906 Ζ.
