2014 3162
239 258 516 302 retrorsum
555 266 670 301 eum
699 258 898 301 revocet
930 259 980 301 et
1011 253 1140 301 sicut
1171 253 1402 317 superius
1427 252 1528 301 dixi
1552 251 1779 301 manibus
1811 267 1925 302 con-

239 328 413 391 positis
454 332 502 375 et
541 325 847 391 adprehenso
889 328 1046 391 capite
1086 325 1320 390 paulatim
1361 333 1409 375 et
1446 326 1625 375 leniter
1656 341 1772 376 eum
1804 326 1926 376 foris

240 399 463 449 adducat.

353 474 439 522 sed
480 475 522 522 si
559 472 907 522 brevissimum
939 479 1087 537 caput
1116 471 1294 521 habeat
1326 478 1376 521 et
1406 472 1572 521 ambas
1595 488 1771 523 manus
1795 474 1926 523 foras

195 557 213 588 ⁵
241 549 456 614 eiecerit,
495 553 691 612 oportet
731 546 1047 596 obstetricem
1086 547 1225 611 prius
1264 547 1414 595 missa
1464 561 1613 596 manu
1653 561 1742 595 sua
1782 556 1928 612 caput
1988 611 1990 614 .

238 621 440 670 infantis
495 620 553 669 ad
601 621 842 670 orificium
898 621 1149 684 corrigere
1204 626 1254 668 et
1301 619 1654 684 conprehensis
1702 620 1927 670 manibus

238 694 439 745 infantis
488 697 668 744 conari.
746 710 860 744 narn
907 696 948 743 si
999 693 1213 743 brevitas
1255 695 1429 758 capitis
1470 694 1717 743 orificium
1755 693 1926 744 vulvae

238 783 338 817 non
378 767 592 834 obturat,
642 768 756 818 inde
797 768 1050 818 eiciendus
1091 773 1166 817 est
1203 783 1296 832 per
1336 782 1483 832 quam
1521 769 1714 833 priores
1753 783 1928 818 manus

240 843 464 892 exierint.

529 909 604 968 (V.
637 909 893 967 PARTvs)
1251 908 1346 965 (vl.
1380 908 1640 965 PARTvs)

173 1044 216 1075 10
356 1031 437 1084 17.
509 1033 561 1083 Si
625 1036 674 1083 in
740 1033 949 1098 pedibus
1005 1033 1310 1083 descendens
1364 1034 1414 1081 in
1471 1032 1683 1097 aliquam
1737 1040 1928 1097 partem
1985 1062 1989 1066 <

239 1107 410 1158 vulvae
451 1107 656 1158 relicum
700 1123 882 1172 corpus
926 1107 1248 1173 inclinaverit,
1290 1107 1407 1172 quid
1452 1106 1613 1155 facere
1647 1104 1929 1158 debemus?

351 1183 499 1232 sicuti
544 1188 794 1231 retrorsus
842 1181 962 1248 dixi,
1017 1181 1258 1230 obstetrix
1309 1182 1457 1230 missa
1495 1195 1645 1230 manu
1685 1196 1773 1230 sua
1813 1196 1927 1231 eum

240 1261 486 1321 conponat
525 1262 575 1305 et
617 1257 688 1305 sic
728 1255 939 1305 adducat
977 1255 1112 1304 foris,

879 1382 995 1440 (vn.
1031 1380 1289 1438 PARTvs)

356 1504 436 1557 18.
476 1505 539 1555 Et
579 1507 622 1555 si
660 1521 816 1556 unum
854 1506 1031 1572 pedem
1071 1506 1192 1555 foris
1233 1502 1472 1555 eiecerit?

173 1590 215 1622 15
351 1580 580 1630 iubemus
619 1587 676 1629 ut
714 1596 984 1645 numquam
1024 1595 1137 1630 eum
1170 1578 1411 1628 obstetrix
1443 1586 1609 1629 teneat
1641 1586 1691 1630 et
1723 1586 1931 1630 conetur

240 1653 501 1720 adducere,
544 1670 606 1703 ne
646 1654 840 1720 reliquo
881 1669 1089 1720 corpore
1129 1653 1332 1702 infantis
1370 1652 1483 1718 plus
1523 1653 1764 1704 cludatur.
1842 1654 1930 1704 sed

237 1730 378 1793 prius
417 1728 580 1777 infixis
621 1728 787 1793 digitis
827 1728 887 1777 ad
927 1730 1128 1793 inguina
1159 1726 1361 1776 infantis
1395 1742 1566 1776 susum
1592 1743 1706 1777 eum
1730 1735 1932 1778 revocet

239 1808 289 1851 et
342 1807 455 1868 post
500 1803 702 1851 inmissa
749 1817 898 1852 manu
947 1817 1036 1851 sua
1074 1801 1253 1866 pedem
1291 1800 1501 1850 alterum
1541 1803 1755 1866 corrigat
1795 1808 1845 1851 et
1886 1803 1931 1852 si

238 1877 347 1925 fieri
399 1882 565 1941 potest
610 1891 784 1925 manus
833 1878 940 1926 eius
987 1874 1223 1925 lateribus
1277 1876 1470 1941 iungat,
1521 1882 1571 1924 et
1610 1875 1930 1957 adprehensis

172 1959 215 1991 20
238 1948 448 2014 pedibus
488 1950 609 1999 foris
643 1949 887 1999 adducere
929 1955 1152 1999 conetur.

361 2082 384 2120 1
418 2076 634 2121 manibus
666 2077 889 2122 lateribus
922 2075 1193 2133 compositis
1226 2078 1242 2121 Ζ
1273 2079 1384 2132 (non
1415 2077 1513 2132 bh).
1635 2080 1661 2119 2
1694 2076 1742 2120 et
1772 2088 1855 2121 om.
1889 2075 1930 2121 b.

330 2136 360 2181 l.
392 2135 516 2180 foras
549 2150 655 2180 eum
686 2136 793 2180 add.
826 2137 869 2181 h.
990 2135 1159 2180 leviter
1190 2136 1293 2180 blh.
1414 2140 1443 2179 4
1476 2134 1567 2180 Sed
1597 2135 1647 2179 h:
1679 2134 1743 2179 Et
1773 2135 1840 2179 bl.

241 2194 354 2239 foris
386 2196 415 2251 Ζ,
448 2207 530 2241 om.
562 2196 605 2239 h.
759 2199 786 2239 5
818 2195 1004 2261 oportet
1033 2195 1153 2240 obs..
1185 2196 1252 2239 sic
1284 2195 1386 2239 blh
1539 2199 1565 2239 6
1596 2193 1787 2238 infantis
1820 2194 1929 2252 (hic)

240 2266 323 2298 om.
356 2255 397 2298 h.
522 2253 753 2311 corrigere
776 2281 835 2287 —
860 2252 1087 2299 orificium
1118 2267 1202 2298 om.
1235 2254 1262 2299 Ζ.
1387 2253 1648 2321 corrigat..
1667 2255 1932 2309 .conponat

241 2313 280 2357 b.
437 2318 461 2357 7
494 2313 685 2358 infantis
719 2313 878 2358 conari
907 2314 956 2357 h:
1003 2312 1195 2357 infantis
1227 2311 1454 2357 lateribus
1486 2313 1585 2357 eius
1619 2314 1852 2369 conponat
1883 2313 1932 2357 et

240 2372 304 2414 sic
338 2373 498 2416 conari
527 2371 692 2418 iubeat
723 2374 748 2418 b
781 2374 925 2429 (male.
976 2373 1032 2426 cf.
1067 2372 1167 2417 Sor.
1192 2373 1412 2428 283,10).
1564 2385 1675 2416 nam
1707 2371 1746 2414 si
1777 2370 1930 2416 brevi·

237 2431 314 2473 tas
346 2433 489 2486 caput
520 2432 622 2489 (sic)
649 2433 691 2477 b:
727 2431 934 2476 brevitas
966 2431 1090 2475 enim
1121 2430 1288 2488 capitis
1319 2431 1364 2476 h.
1485 2434 1512 2474 8
1546 2431 1736 2475 obturat
1763 2430 1815 2474 h:
1847 2429 1931 2476 ad—

239 2489 372 2532 iuvat
404 2490 470 2534 bl.
621 2490 731 2534 inde
758 2516 813 2522 -—
840 2490 1039 2535 exierint
1068 2494 1108 2544 (—
1091 2491 1219 2534 —runt
1249 2490 1282 2546 Ζ)
1317 2490 1392 2533 bl:
1425 2489 1508 2533 sed
1537 2489 1761 2534 facillime
1794 2501 1931 2534 omne

240 2561 407 2604 corpus
437 2548 630 2593 infantis
663 2549 786 2594 exire
819 2550 977 2606 potest
1006 2561 1150 2605 quare
1182 2548 1359 2604 priores
1390 2561 1556 2592 manus
1588 2547 1787 2592 exierint
1815 2549 1858 2614 h:

238 2622 270 2664 p
304 2614 418 2662 qua:
450 2608 517 2675 sic
548 2609 612 2653 bl.
769 2613 824 2652 10
857 2607 1017 2664 aliqua
1048 2610 1095 2663 (a.
1126 2608 1171 2664 b)
1203 2609 1335 2664 parte
1367 2607 1410 2662 (e
1443 2607 1488 2662 b)
1520 2607 1549 2650 Ζ.
1703 2610 1757 2650 12
1789 2605 1932 2651 missa

240 2667 325 2709 bh:
361 2666 552 2711 inmissa
584 2667 612 2711 Ζ.
761 2671 814 2710 13
848 2668 897 2711 et
928 2667 994 2711 sic
1026 2665 1131 2711 add.
1165 2665 1277 2710 foris
1309 2666 1381 2710 bl·
1415 2678 1497 2711 om.
1529 2666 1572 2710 k.
1725 2670 1782 2709 14
1813 2667 1861 2710 et
1891 2666 1930 2710 Ζ.

239 2739 324 2770 om.
358 2727 435 2770 bh.
541 2747 557 2764 .
578 2725 702 2770 foras
733 2725 954 2770 habuerit
990 2726 1034 2770 h.
1179 2729 1234 2769 16
1266 2724 1495 2769 adducere
1528 2725 1564 2768 Ζ·
1613 2737 1697 2769 om.
1730 2725 1808 2769 bh.
1951 2743 1977 2751 -

239 2784 345 2840 plus
377 2784 534 2828 nutrix
565 2784 751 2840 (matrix
783 2798 898 2830 corr.
942 2784 1093 2840 Wolf)
1126 2783 1340 2828 cludatur
1369 2784 1614 2827 h.17
1655 2797 1812 2828 susum
1844 2783 1951 2828 bh:

239 2858 420 2888 sursum
447 2844 475 2887 Ζ.
563 2847 616 2887 18
647 2844 756 2901 post
779 2857 862 2890 om.
886 2844 928 2889 h.
1024 2847 1077 2887 19
1103 2843 1348 2888 lateribus:
1374 2841 1599 2888 alteribus
1622 2843 1650 2887 Ζ.
1737 2846 1794 2887 20
1817 2840 1928 2887 foris
