2014 3162
216 230 329 265 esse
371 214 575 264 dicatur.
639 209 773 281 (22.)
815 215 1044 263 universa
1085 229 1199 263 vero
1241 213 1380 264 vulva
1419 215 1470 263 in
1510 214 1709 265 fervura
1747 217 1909 280 posita

214 291 449 338 universa
489 289 635 338 etiam
675 289 892 353 partium
932 289 1039 337 eius
1078 287 1328 352 praedicta
1361 290 1499 353 signa
1530 296 1818 354 occurrunt,
1856 296 1908 340 et

220 364 440 412 omnium
473 363 742 411 vicinarum
775 362 989 426 partium
1015 376 1287 411 consensus
1313 362 1540 428 efficitur,
1572 363 1729 428 ipsius
1761 364 1909 412 etiam

220 437 407 485 ventris
448 437 576 485 cutis
615 434 726 500 plus
766 437 817 483 in
858 442 1050 484 tumore
1091 434 1324 485 tenditur.
1380 435 1465 484 sed
1498 435 1758 500 aliquando
1792 451 1907 486 con·

173 520 194 553 ⁵
220 512 364 575 tingit
404 518 457 559 ut
497 511 699 558 matrice
741 523 938 558 causam
977 523 1077 558 non
1116 507 1342 575 habente,
1382 509 1486 558 sola
1523 511 1631 574 ipsa
1663 511 1792 559 cutis
1822 524 1907 574 pa·

218 585 384 634 tiatur.
448 598 593 648 quam
633 597 739 631 rem
780 597 1009 647 separare
1050 581 1200 648 nolui,
1241 583 1483 648 siquidem
1523 598 1622 632 una
1654 581 1909 647 diligentia

218 665 459 722 utraeque
502 672 582 706 res
623 663 880 707 curentur.

331 725 451 797 (23)
515 736 754 795 quantum
801 737 964 779 autem
1013 729 1070 779 ad
1119 745 1288 779 curam
1347 731 1591 797 pertinet,
1643 732 1750 795 ipsa
1797 745 1907 780 esse

218 812 428 871 possunt
453 805 729 853 necessaria
763 819 888 868 quae
914 803 1247 853 ordinavimus
1278 811 1413 853 retro
1446 803 1542 853 illis
1567 803 1748 869 quibus
1772 819 1910 854 men-

155 889 197 921 10
221 885 358 928 strua
412 893 510 926 non
567 879 770 926 veniunt
824 877 899 926 vel
954 893 1067 926 curn
1117 877 1284 926 dolore
1338 885 1628 943 purgantur.
1719 885 1769 927 et
1821 877 1913 927 has

221 954 351 1002 enim
405 950 635 1000 iubemus
690 953 851 1000 iacere
899 953 950 1000 in
998 950 1224 1000 cubiculo
1279 951 1597 1004 mediocriter
1648 951 1813 1001 lucido
1860 958 1912 1001 et

221 1025 393 1091 calido,
434 1025 683 1075 silentium
722 1023 905 1074 habere
946 1032 995 1074 et
1033 1032 1089 1075 ut
1127 1024 1277 1074 biduo
1314 1025 1482 1074 cibum
1523 1040 1622 1074 non
1654 1027 1914 1092 accipiant,

221 1098 448 1149 manibus
504 1100 651 1148 etiam
706 1098 875 1147 calidis
923 1114 1035 1148 acra
1083 1114 1256 1148 eorum
1303 1101 1651 1149 contineantur
1698 1107 1747 1148 et
1784 1099 1910 1148 lanis

222 1180 570 1239 contegantur,
616 1173 691 1221 uti
739 1174 886 1221 etiam
935 1188 994 1221 ex
1041 1172 1150 1222 oleo
1198 1172 1330 1222 dulci
1376 1172 1453 1222 vel
1493 1188 1552 1222 ex
1593 1174 1726 1222 sucis
1767 1188 1911 1238 ency-

153 1258 196 1290 15
219 1248 474 1296 matismiS.
537 1245 764 1296 similiter
803 1248 950 1296 etiam
983 1253 1033 1296 et
1070 1246 1206 1311 haec,
1247 1248 1288 1296 si
1319 1248 1465 1296 tertia
1495 1246 1575 1296 die
1607 1247 1788 1313 fervor,
1826 1246 1913 1296 sse·

218 1320 511 1370 hotomanda
538 1326 614 1369 est
638 1326 688 1370 et
712 1319 772 1369 ad
797 1319 1099 1370 encathisma
1125 1319 1420 1385 collocanda,
1445 1319 1739 1385 cataplasma
1762 1322 1912 1370 etiam

220 1394 280 1444 de
335 1393 607 1444 seminibus
660 1393 1005 1459 adponendum
1061 1401 1147 1443 est.
1243 1396 1285 1443 si
1346 1409 1462 1443 vero
1515 1396 1912 1459 perseveraverit

220 1468 406 1534 fervor,
451 1467 579 1517 bene
626 1467 733 1516 loca
771 1469 878 1532 ipsa
917 1469 1206 1517 scarifamus
1245 1467 1321 1516 vel
1361 1469 1670 1533 sanguisugis
1709 1470 1915 1535 utimur,

223 1543 442 1607 spongiis
482 1543 626 1590 etiam
667 1543 718 1590 in
758 1541 1064 1590 ferventibus
1112 1544 1244 1591 sucis
1291 1543 1514 1591 intinctis
1562 1549 1611 1591 et
1663 1543 1914 1607 expressis

156 1628 200 1659 20
224 1629 539 1681 vaporamuS,
595 1621 644 1663 et
690 1614 942 1678 praedicto
992 1623 1161 1664 ceroto
1211 1624 1261 1665 et
1309 1617 1544 1680 pessariis
1583 1617 1784 1665 utimur.
1862 1622 1914 1665 et

223 1694 517 1738 occurrente
563 1687 706 1754 plena
762 1687 1088 1738 declinatione
1136 1688 1329 1738 lavacro
1378 1696 1427 1738 et
1473 1690 1606 1738 vario
1647 1688 1757 1738 cibo
1798 1703 1913 1738 cum

347 1879 368 1918 1
402 1874 591 1918 ferbura
623 1874 652 1928 l,
683 1873 864 1919 fervore
895 1875 937 1919 h.
1059 1879 1085 1918 2
1118 1875 1335 1919 universa.
1364 1875 1415 1919 h:
1449 1889 1518 1935 -se
1552 1875 1580 1919 l.
1703 1874 1910 1932 partium

224 1933 278 1978 h:
311 1933 435 1990 parti
465 1934 494 1978 l.
617 1937 643 1976 3
676 1946 927 1978 consensus
960 1935 997 1978 l:
1033 1948 1192 1978 sensus
1223 1935 1265 1978 h.
1388 1933 1532 1979 etiam
1565 1935 1602 1979 l:
1633 1947 1716 1979 om.
1748 1935 1793 1978 h.
1923 1936 1925 1939 '

224 1997 252 2036 4
285 1994 437 2036 cutem
470 1993 500 2047 l,
533 1993 662 2036 cutes
692 1993 735 2036 h.
878 1994 1133 2036 tenduntur
1164 1994 1200 2049 l,
1231 1992 1444 2038 tradetur
1473 1995 1514 2038 h.
1660 1997 1686 2037 5
1719 2006 1914 2038 causam

224 2051 274 2095 h:
307 2051 515 2095 clausam
547 2051 574 2095 l.
719 2051 928 2108 patietur
959 2053 975 2096 Ζ
1011 2051 1127 2112 (sole
1159 2052 1260 2112 ipse
1293 2054 1422 2097 cutes
1454 2052 1703 2109 paciuntur
1732 2053 1792 2108 h).

227 2115 251 2154 7
284 2112 480 2166 utreque
511 2110 549 2154 l:
589 2110 787 2166 uterque
818 2111 860 2154 h.
1012 2112 1233 2156 curantur
1264 2112 1291 2157 l.
1444 2116 1472 2156 8
1503 2111 1564 2155 ad
1595 2124 1753 2156 curam
1784 2112 1820 2156 l:
1853 2111 1914 2156 ad

227 2182 386 2213 curare
417 2170 459 2213 h.
553 2173 578 2212 9
610 2171 770 2226 potest
801 2182 892 2224 qua
923 2171 1022 2225 (om.
1057 2171 1333 2225 necessaria)
1365 2171 1407 2215 h.
1499 2173 1645 2215 retro:
1678 2171 1737 2224 cf.
1769 2183 1917 2227 supra

219 2241 268 2284 p.
288 2231 362 2282 50,
383 2231 440 2272 13
458 2241 550 2284 sqq.
675 2233 727 2272 12
760 2227 1095 2284 silenciumque
1126 2230 1168 2274 h.
1263 2231 1311 2274 et
1340 2231 1415 2274 ut:
1448 2231 1497 2274 et
1525 2230 1596 2274 ita
1626 2230 1656 2284 l,
1686 2228 1756 2273 ita
1786 2231 1840 2273 ut
1869 2230 1914 2275 h.

288 2292 342 2331 13
376 2286 531 2331 calida
562 2299 694 2331 sacra
725 2288 753 2342 l,
787 2286 953 2332 calidis
983 2301 1093 2332 acra
1122 2288 1164 2332 h.
1289 2294 1344 2332 14
1375 2287 1447 2332 uti
1469 2289 1519 2333 h:
1551 2289 1606 2333 ut
1628 2289 1656 2332 l.
1780 2301 1836 2332 ex
1859 2289 1908 2333 h:

1723 2348 1868 2380 encatin

228 2403 309 2435 om.
343 2391 372 2434 Z.
494 2389 649 2445 erucis
682 2389 948 2435 encatismis
976 2391 1074 2447 (sic)
1099 2391 1140 2435 h.
1266 2396 1319 2436 15
1354 2406 1388 2435 s,
1422 2391 1570 2436 eciam
1604 2393 1653 2436 et
1682 2390 1914 2451 heccatis-

227 2452 353 2494 mat-e
385 2447 656 2494 collocando
689 2451 791 2504 (om.
825 2449 863 2492 si
891 2475 941 2481 —
969 2449 1047 2506 ad)
1078 2450 1121 2494 h.
1169 2449 1226 2503 ef.
1255 2464 1303 2506 p.
1331 2454 1406 2505 51,
1424 2454 1465 2494 5.
1591 2455 1646 2495 16
1678 2450 1915 2507 cataplas-

231 2510 355 2552 mate
385 2509 428 2551 h.
598 2512 651 2551 17
685 2508 964 2564 adponenda
996 2509 1062 2552 lh.
1186 2507 1235 2552 Si
1267 2521 1376 2554 vero
1408 2522 1529 2564 pers.
1563 2513 1641 2555 etc.
1673 2509 1781 2553 hine
1809 2522 1916 2553 rur·

227 2581 306 2612 sus
335 2567 503 2623 incipit
535 2567 561 2611 b
601 2568 821 2622 (versibus
852 2571 960 2623 post
995 2568 1250 2623 superiores
1280 2571 1497 2624 quattuor
1528 2568 1636 2612 aliis
1666 2569 1803 2613 etiam
1833 2569 1916 2612 tri·

230 2627 311 2671 bus
343 2627 604 2670 laceratum
634 2626 912 2682 decurtatis).
1037 2630 1092 2671 18
1123 2627 1241 2671 bene
1272 2626 1377 2671 loca
1407 2625 1555 2671 eciam
1587 2625 1692 2683 ipsa
1721 2628 1762 2681 h,
1795 2639 1918 2671 vena

231 2685 287 2730 de
318 2685 423 2730 loca
453 2684 556 2741 ipsa.
587 2685 616 2728 l.
738 2683 815 2729 vel
846 2685 932 2730 bh:
965 2688 1014 2730 et
1044 2686 1072 2731 l.
1197 2690 1251 2729 19
1284 2684 1549 2742 exspongiis
1582 2686 1609 2729 l.
1701 2685 1916 2729 intinctis

231 2745 266 2788 l:
299 2743 459 2788 tinctis
489 2745 530 2788 h.
671 2748 728 2788 20
762 2745 917 2788 cerato
948 2745 990 2788 h.
1127 2748 1182 2788 21
1217 2743 1526 2788 declinatione
1556 2744 1587 2787 h
1617 2748 1657 2788 et
1687 2745 1740 2788 in
1768 2758 1914 2802 mary.

229 2804 286 2848 102
320 2802 564 2847 devotione
597 2803 625 2848 l.
748 2816 848 2846 cum
885 2803 1076 2860 potione
1109 2803 1181 2847 lh:
1215 2801 1534 2859 conpositione
1567 2802 1607 2847 b.
