2014 3162
700 161 1103 212 —177—

210 300 257 346 8.
315 293 564 360 συνέχεται
603 292 657 344 δὲ
696 299 883 355 λεπτοῖς
923 290 1095 359 ὑμέσιν
1132 290 1163 361 ἡ
1204 292 1361 361 μήτρα
1397 294 1521 362 πρὸς
1559 297 1647 363 μὲν
1685 296 1742 350 τὰ

60 373 380 442 ὑπερκείμενα
424 379 481 444 τῇ
527 372 712 440 κύστει,
765 372 888 441 πρὸς
938 373 992 426 δὲ
1037 372 1094 426 τὰ
1141 371 1437 441 ὑποκείμενα
1481 382 1546 447 τῷ
1593 376 1743 431 ἀπευ-

60 455 317 527 θυσμένῳ,
370 453 495 522 πρὸς
542 455 597 507 δὲ
641 453 698 507 τὰ
743 453 962 524 πλάγια>
1008 456 1088 507 καὶ
1138 453 1197 507 τὰ
1235 453 1497 518 ἐξόπισθεν
1534 464 1635 519 τοῖς
1673 460 1743 510 ἕκ-

60 534 341 603 πεφυκόσιν
386 533 485 589 άπὸ
530 541 629 588 τῶν
675 538 844 604 ἰσχίων
881 537 965 588 καὶ
1001 541 1088 589 τοῦ
1127 538 1262 603 ἱεροῦ
1301 533 1485 589 ὀστέου.
1562 535 1745 590 τούτων

62 623 187 688 γοῦν
225 618 596 685 συνελκομένων
634 616 723 684 μὲν
761 615 846 669 διὰ
878 615 1161 686 φλεγμονὴν
1200 615 1477 670 ἀνασπᾶται
1507 619 1590 670 καὶ
1620 639 1744 687 παρ-
1769 639 1788 672 5

61 701 346 768 εγκλίνεται,
401 699 710 766 παριεμένων
749 699 803 750 δὲ
840 699 925 750 καὶ
961 699 1256 766 χαλωμένων
1293 702 1574 766 προπίπτει,
1622 704 1747 772 ζῷον

60 780 150 848 μὲν
195 777 288 832 οὐκ
333 773 457 833 οὖσα
501 778 674 842 καθὼς
719 781 906 841 ἐνίοις
950 780 1111 845 ἔδοξε,
1156 787 1258 842 τοῖς
1295 779 1458 844 ἄλλοις
1497 781 1551 833 δὲ
1588 803 1746 849 παρα-

0 892 1 904 2
62 864 279 928 πλησίως
339 864 575 927 αἴσθησιν
623 857 834 927 ἆπτικὴν
880 862 1059 928 ἔχουσα
1103 862 1184 912 καὶ
1233 859 1314 914 διὰ
1361 867 1501 915 τοῦτο
1559 870 1745 915 συστελ-

0 933 1 939 ¹
63 942 242 1008 λομένη
279 941 368 1009 μὲν
405 939 504 994 ’ὑπὸ
534 947 633 994 τῶν
662 940 945 1009 ψυχόντων,
983 942 1236 1009 χαλωμένη
1269 942 1323 994 δὲ
1352 940 1451 996 ὑπὸ
1481 949 1579 996 τῶν
1609 942 1744 1011 ἆραι·

61 1021 269 1076 οὕντων.

213 1111 259 1158 9.
322 1110 484 1173 σχῆμα
530 1104 584 1157 δὲ
631 1103 814 1172 μήτρας
861 1102 951 1172 οὐχ
999 1101 1065 1167 ὥς
1111 1105 1192 1156 ἐπὶ
1240 1110 1338 1157 τῶν
1376 1102 1568 1174 ἀλόγων
1608 1103 1747 1176 ζῴων

69 1186 351 1252 ἕλικοειδές,
397 1188 586 1256 ἰατρικῇ
635 1186 688 1238 δὲ
734 1183 880 1257 σικύᾳ
917 1184 1275 1254 παραπλήσιον.
1351 1184 1448 1239 ἀπὸ
1487 1184 1581 1255 γὰρ
1619 1207 1749 1252 περι-

35 1272 248 1336 χφεροῦς
293 1268 378 1318 καὶ
420 1267 625 1330 πλατέος
670 1264 917 1335 ἄρξαμένη
971 1272 1058 1321 τοῦ
1106 1264 1229 1319 κατὰ
1267 1264 1353 1320 τὸν
1391 1268 1624 1335 πυθμένα
1663 1268 1748 1319 πέ-

65 1369 210 1415 ρατος
240 1346 364 1416 πρὸς
393 1346 542 1417 λόγον
573 1349 652 1401 ἐπὶ
683 1346 853 1401 στενὸν
884 1347 1146 1418 συνάγεται
1174 1347 1227 1401 τὸ
1261 1346 1473 1415 στόμιον.
1525 1349 1749 1415 κέκληται

65 1427 113 1480 δ’
156 1426 308 1496 αὐτῆς
343 1427 396 1482 τὸ
436 1429 527 1497 μὲν
564 1434 760 1497 πρῶτον
798 1430 880 1481 καὶ
918 1428 1141 1499 προάγον
1172 1431 1317 1531 μέρος
1355 1428 1569 1497 στόμιον,
1607 1428 1659 1483 τὸ
1694 1429 1748 1482 δὲ

62 1507 179 1577 μετὰ
225 1515 366 1563 τοῦτο
414 1508 672 1579 τράχηλος,
718 1509 771 1564 τὸ
819 1511 872 1563 δὲ
910 1509 1150 1578 ἑπόμενον
1189 1509 1371 1580 αυχήν,
1423 1509 1455 1578 ἡ
1497 1509 1748 1578 συνδρομὴ

68 1591 124 1643 δὲ
168 1588 354 1644 τούτων
398 1590 603 1658 καυλός,
656 1590 715 1644 τὰ
762 1592 816 1644 δὲ
864 1592 1166 1659 ἑκατέρωθεν
1213 1591 1328 1660 μετὰ
1365 1589 1455 1660 τὴν
1494 1590 1750 1659 στενότητα

60 1678 149 1726 τοῦ
186 1672 428 1741 τραχήλου
466 1672 807 1740 πλατυνόμενα
848 1694 1015 1741 πρωτα
1053 1673 1143 1740 μὲν
1180 1671 1384 1741 ὑστέρας
1422 1675 1562 1772 ὦμοι,
1600 1671 1657 1724 τὰ
1698 1672 1750 1724 δὲ

65 1774 182 1822 μετα
237 1759 388 1806 ταῦτα
432 1753 640 1823 πλευρά,
693 1752 748 1808 τὸ
796 1755 849 1807 δὲ
895 1753 1102 1808 υστατον
1146 1753 1380 1822 πυθμήν,
1426 1752 1478 1807 τὸ
1528 1754 1582 1806 δὲ
1631 1774 1749 1806 υπο-

62 1838 288 1902 κείμενον
333 1833 498 1903 βάσις,
543 1834 597 1889 τὸ
644 1833 690 1888 δ’
747 1834 863 1889 ὅλον
907 1835 1110 1904 χώρημα
1148 1833 1292 1898 κύτος
1330 1837 1411 1887 καὶ
1449 1833 1630 1904 γάστρα
1668 1836 1750 1887 καὶ

61 1915 253 1980 κόλπος.

217 2004 300 2052 10.
360 1996 413 2052 τὸ
468 2000 522 2052 δὲ
565 1998 764 2066 στόμιον
809 1998 931 2052 κατὰ
977 2000 1125 2067 μέσον
1175 2005 1325 2051 κεῖται
1377 1995 1429 2050 τὸ
1468 2002 1751 2066 γυναικεῖον

67 2081 274 2134 αἰδοῖον.
350 2084 714 2151 περισφίγγεται
758 2080 850 2150 γὰρ
898 2079 924 2135 ὁ
962 2079 1198 2149 τράχηλος
1234 2077 1332 2133 ὑπὸ
1371 2084 1469 2131 τῶν
1507 2099 1750 2147 πτερυγω-

69 2159 259 2230 μάτων,
313 2160 499 2216 τούτων
548 2163 602 2215 δὲ
652 2160 894 2230 ἀφέστηκε
939 2161 991 2216 τὸ
1040 2161 1238 2229 στόμιον
1282 2167 1384 2223 ταῖς
1431 2160 1520 2227 μὲν
1569 2166 1752 2226 μᾶλλον

69 2250 172 2307 ταῖς
220 2244 273 2296 δὲ
319 2238 461 2311 ἧττον
505 2242 639 2312 παρὰ
683 2243 767 2307 τὰς
811 2241 1024 2311 ἡλικίας,
1073 2239 1138 2305 ὦς
1177 2243 1257 2294 ἐπὶ
1301 2239 1352 2307 τὸ
1391 2238 1518 2292 πολὺ
1558 2240 1611 2292 δὲ
1649 2246 1753 2302 ταῖς

186 2415 212 2455 3
243 2411 326 2455 καὶ
355 2429 413 2456 τα
447 2409 484 2457 ἔ.
520 2411 578 2456 O:
612 2407 961 2466 κατεξόπισθεν
993 2424 1030 2453 c.
1155 2413 1180 2453 6
1213 2406 1494 2479 χαλωμένων
1528 2405 1565 2450 Ο
1598 2405 1675 2477 (cf
1708 2421 1749 2452 v.

69 2471 136 2527 9)·
167 2467 458 2541 χαλατονουν
490 2487 582 2514 των
615 2471 722 2542 (sic,
752 2484 836 2527 pro
868 2466 1166 2539 χαλωντωνῗ)
1202 2481 1240 2512 c.
1407 2471 1433 2511 8
1466 2462 1671 2522 ἆπτικήν
1705 2479 1751 2510 c:

68 2543 266 2585 tomum!
300 2529 354 2574 Ο.
475 2534 501 2573 9
532 2526 784 2602 ’ψυχόντων
816 2528 910 2573 cO:
945 2525 1219 2584 στυφόντων
1250 2525 1287 2568 Ε
1322 2525 1417 2582 (vel
1447 2523 1752 2570 πυκνούντων

70 2584 192 2645 E'p
242 2590 328 2645 12.)
522 2594 576 2633 10
607 2591 714 2664 post
744 2585 1024 2645 ἀραιοῦνται
1055 2587 1106 2630 in
1137 2599 1161 2629 c
1191 2600 1235 2642 p.
1270 2589 1318 2641 8,
1352 2589 1377 2628 6
1409 2583 1464 2628 D.
1498 2585 1754 2653 sequuntur

69 2647 214 2691 verba.
243 2646 431 2692 aliunde
461 2649 660 2693 kraiecta
691 2645 920 2693 ἐντεῦθεν
951 2645 1046 2690 καὶ
1057 2641 1122 2690 δι’
1144 2640 1285 2694 ἄλλας
1303 2619 1752 2714 -υπαναβεβηκός,

105 2718 191 2750 nae
238 2705 377 2751 eiecit
417 2706 455 2750 E
521 2707 771 2752 ..XXXIII
948 2711 1002 2750 13
1034 2705 1118 2748 τοῦ
1153 2703 1211 2748 O:
1244 2699 1339 2746 άπὸ
1371 2703 1455 2747 τοῦ
1490 2716 1526 2746 ο.
1698 2705 1752 2743 14

99 2763 153 2807 πὶ
183 2762 347 2809 στενὸν
381 2765 438 2810 O:
506 2766 558 2811 πὶ
589 2765 713 2811 τέλει
744 2781 781 2811 c.
926 2761 979 2809 τὸ
1013 2763 1072 2808 O:
1112 2759 1229 2819 πρὸς
1258 2760 1312 2806 τὸ
1345 2776 1381 2805 c.
1507 2765 1560 2804 18
1593 2759 1753 2814 πρῶτα

74 2834 161 2910 μὲν
192 2833 412 2895 ὖστέραςε
458 2824 628 2897 προστῳ
669 2837 941 2898 (πραότερον)
973 2834 1172 2908 ὑστέρας
1196 2849 1220 2880 0
1267 2834 1445 2891 (πρῶτα
1492 2831 1607 2890 μέθη
1660 2832 1754 2875 “¹3⁹

73 2891 279 2953 υστέρων
313 2898 384 2953 Ο).
505 2905 562 2944 24
593 2900 731 2945 τοῦτο
765 2913 801 2944 ο.
923 2894 975 2941 τὸ
1010 2893 1201 2952 στόμιον
1233 2894 1292 2938 O:
1326 2907 1414 2937 om.
1448 2906 1486 2935 c.

162 2977 342 3022 Soranus,
366 2981 413 3014 ed.
447 2970 1486 3016 Rosa.12

1772 1045 1813 1076 10

1773 1447 1813 1481 15

1773 1856 1815 1887 20

1775 2262 1819 2295 25
