2014 3162
882 108 1280 199 4310-

237 275 495 344 δυνάμεως
534 277 738 344 έρεθίζει
768 274 858 344 τὴν
890 276 1191 348 φλεγμονήν,
1223 276 1350 331 οὕτω
1384 275 1446 345 δὴ
1479 278 1561 329 καὶ
1592 275 1707 340 τοὺς
1736 274 1925 340 πόνους

236 355 537 419 διπλασιαζει
552 378 632 408 και
651 355 736 410 τὸν
753 363 837 425 τῆς
853 356 1143 425 καθάρσεως
1167 358 1389 411 ἐπιτείνει
1411 355 1828 426 παρεμποδισμόν.
1861 355 1928 422 ὧς

151 474 154 475 ⁷
234 436 327 506 γοὶρ
346 436 463 490 οὐδὲ
488 436 889 507 φλεγμαινόντων
911 444 1008 492 τῶν
1038 437 1316 506 ὀφθαλμῶν
1341 439 1576 507 συμφέρει
1598 439 1784 507 δριμέσι
1810 445 1927 508 χρῆ-

234 526 354 571 σθαι
391 522 666 587 κολλυρίοις
706 517 824 572 οὐδὲ
865 523 1131 588 δυσουρίας
1169 520 1436 589 γενομένης
1468 517 1499 587 ἢ
1539 525 1789 587 τεινεσμοῦ
1826 527 1928 583 τοῖς

188 621 209 655 5
232 598 469 667 ἆμυσσειν
501 600 811 666 δυναμένοις,
841 600 962 654 κατὰ
991 599 1077 654 τὸν
1108 598 1259 654 αὐτὸν
1288 598 1471 668 τρόπον
1495 598 1611 654 ουδὲ
1632 606 1718 669 τῆς
1741 600 1928 670 μήτρας

232 678 626 749 φλεγμαινούσης
643 682 696 733 έν
707 688 811 744 ταῖς
828 680 944 749 μετὰ
958 684 1288 750 περιωδυνίας
1304 679 1574 749 καθαρσεσι
1587 680 1645 734 τὰ
1663 682 1835 751 δριμέα
1851 686 1931 736 δεῖ

231 759 651 829 παραλαμβάνειν.
695 768 895 815 τοιαῦτα
926 761 1021 833 γὰρ
1051 761 1110 816 τὰ
1146 766 1390 817 δοκοῦντα
1428 760 1545 830 παρ’
1589 761 1756 826 αὐτοῖς
1788 766 1926 832 αἵμα-
1985 830 1989 834 4

229 866 390 913 γωγα,
429 842 658 911 καθαπερ
698 843 969 913 ε’λατήριον,
1008 845 1260 913 ἐλλέβορος
1299 844 1460 911 μέλας,
1497 842 1769 914 πυρεθρον,
1808 843 1926 899 ὄπο-

229 923 410 991 παναξ,
439 922 511 987 οἷς
537 927 592 976 αἱ
610 932 839 994 γυναῖκες
855 926 938 977 καὶ
954 924 1077 995 πρὸς
1094 925 1147 980 τὸ
1170 934 1376 995 φθεῖραι
1391 923 1625 988 πολλάκις
1648 924 1926 995 ἐχρήσαντο.

167 1028 209 1059 10
232 1003 461 1074 καθάπερ
495 1000 587 1059 οὖν
619 1007 766 1074 ἔφην,
806 1004 1228 1075 ἀποδοκιμαστέον
1266 1012 1369 1060 πᾶν
1406 1004 1459 1059 τὸ
1500 1004 1648 1075 ’δριμὺ
1685 1008 1767 1059 καὶ
1806 1005 1927 1075 ἄμυ-

228 1084 411 1152 κτικόν,
450 1088 793 1155 παραληπτέον
832 1088 886 1140 δὲ
923 1087 975 1142 τὸ
1011 1092 1355 1159 παρηγορικῶς
1395 1084 1587 1139 ἀνιέναι
1627 1085 1921 1155 δυναμενον.

346 1173 428 1220 13.
468 1167 718 1235 κράτιστος
757 1169 811 1221 δὲ
849 1168 1027 1233 πεσσὸς
1065 1171 1209 1240 ἐλαίῳ
1249 1171 1383 1236 ἔριον
1422 1167 1602 1235 βραχὲν
1640 1174 1813 1235 γλυκεῖ
1843 1170 1923 1221 καὶ

228 1256 423 1322 θερμῷ,
471 1251 553 1301 καὶ
598 1248 778 1317 τήλεως
823 1255 976 1317 χυλοῢ
1022 1247 1052 1318 ἢ
1102 1249 1429 1317 λινοσπέρμου
1480 1245 1508 1315 ἢ
1549 1246 1766 1317 μαλάχης
1809 1247 1926 1317 μετὰ

229 1335 316 1383 τοῦ
355 1331 521 1383 έλαίου
563 1333 812 1399 γλοιωδῶς
851 1329 1208 1396 ἆνακοπέντος,
1256 1327 1374 1396 μετοὲ
1411 1350 1542 1391 τινος
1579 1326 1765 1382 τούτων
1809 1347 1922 1383 συν-

163 1430 205 1463 15
232 1410 428 1477 εψηθὲν
467 1411 607 1479 στέαρ
645 1409 934 1479 πρόσφατον
971 1410 1171 1479 χήνειον
1209 1407 1240 1477 ἢ
1283 1408 1535 1477 ὀρνίθειον
1575 1408 1694 1462 ὥστε
1739 1408 1792 1463 τὸ
1837 1411 1924 1477 ε’φ-

235 1491 496 1559 ιστάμενον
533 1496 803 1560 πιμελῶδες
841 1491 1089 1561 ἆποσῢραι
1118 1493 1201 1544 καὶ
1233 1494 1301 1555 εἰς
1331 1493 1465 1559 ἔριον
1495 1498 1671 1560 χρῖσαι,
1709 1493 1791 1544 καὶ
1824 1491 1927 1566 ᾠοῦ
1976 1527 1977 1530 =

231 1573 431 1634 λέκιθος
471 1571 661 1635 τούτοις
700 1577 1204 1643 συλλειοτριβηθεῖσα,
1250 1572 1366 1625 ποτὲ
1405 1571 1459 1624 δὲ
1496 1573 1580 1624 καὶ
1619 1570 1702 1625 διὰ
1740 1574 1927 1640 μέλιτος

230 1651 468 1720 ἀπέφθου
524 1661 813 1707 συντακεῖσα
867 1656 950 1707 καὶ
1004 1658 1264 1722 μελίλωτον
1312 1654 1366 1705 έν
1411 1659 1584 1722 γλυκεῖ
1624 1655 1926 1722 καθεψηθὲν

229 1731 260 1802 ἢ
310 1740 524 1803 πατητοῢ
576 1738 803 1801 φοίνικος
847 1733 878 1804 ἡ
927 1737 1138 1789 ἔνδοθεν
1185 1733 1304 1803 σὰρξ
1351 1732 1531 1801 ὁμοίως
1585 1735 1834 1803 έψηθεῐσα
1872 1737 1927 1790 έν

163 1836 205 1867 20
231 1822 422 1884 γλυκεῖ,
472 1816 835 1886 περιηρημένου
882 1821 969 1870 τοῦ
1008 1818 1196 1879 ἔξωθεν
1235 1812 1437 1882 ὑμένος,
1485 1815 1793 1883 παραστύφει
1830 1816 1942 1887 γὰρ

228 1919 386 1961 ουτος.
462 1898 694 1967 χρηστέον
743 1897 798 1949 δὲ
843 1899 927 1950 καὶ
972 1901 1125 1968 πυρία
1162 1903 1220 1967 τῇ
1260 1895 1342 1949 διὰ
1383 1894 1613 1966 σπόγγων
1651 1895 1924 1966 ἆποθλιβο

229 1979 392 2045 μένων
441 1981 508 2042 εἰς
546 1977 683 2045 υδωρ
722 1977 912 2048 θερμὸν
949 2002 981 2046 η
1022 1977 1282 2048 υδρέλαιον
1319 2001 1353 2045 η
1392 1976 1639 2046 ἆφέψημα
1676 1976 1854 2046 τήλεως
1890 1977 1923 2046 ἢ

227 2059 555 2128 λινοσπέρμου
587 2054 618 2125 ἢ
654 2057 872 2126 μαλαχης
902 2056 1087 2127 ημέρου
1119 2056 1152 2126 ἢ
1186 2058 1371 2128 ἀγρίας.
1425 2064 1640 2128 συνεχῶς
1671 2059 1724 2111 δὲ
1755 2057 1924 2112 ἄλλασ-

228 2140 489 2193 σέσθωσαν
520 2141 572 2193 οἱ
599 2136 803 2209 σπόγγοι
835 2141 1290 2209 προυπορριφέντος
1323 2139 1534 2194 ὅθονίου
1565 2140 1648 2192 καὶ
1679 2137 1923 2207 ἀφθόνως

161 2238 204 2272 25
229 2221 372 2291 ἐλαίῳ
412 2226 584 2293 θερμῷ
621 2221 1006 2288 περιχριομένων
1044 2226 1142 2274 τῶν
1181 2227 1342 2289 μερῶν
1373 2224 1441 2284 εἰς
1471 2219 1524 2274 τὸ
1557 2218 1924 2290 ἆπεριψύκτους

226 2309 389 2370 μεῖναι
425 2299 540 2364 τοὺς
577 2299 775 2364 τόπους.

343 2389 425 2436 14.
463 2388 721 2451 προκοπῆς
760 2383 814 2435 δὲ
852 2383 1120 2453 γενομένης
1151 2383 1259 2453 περὶ
1291 2381 1381 2450 τὴν
1412 2382 1688 2450 ἐπιμέλειαν
1719 2385 1802 2436 καὶ
1831 2382 1922 2451 τὴν

229 2461 313 2516 διὰ
350 2466 593 2517 κλινιδίου
633 2470 904 2533 κρεμαστοῦ
944 2464 1262 2532 δοκιμαστέον
1300 2467 1510 2532 κίνησιν.
1579 2463 1920 2533 παρακμαζού-
1948 2467 1953 2471 ’

230 2560 319 2611 σης
359 2545 412 2596 δὲ
450 2549 535 2611 τῆς
576 2546 846 2608 διαθέσεως
885 2543 1073 2608 εὐθέως
1113 2546 1203 2613 μὲν
1239 2543 1271 2613 ἡ
1310 2544 1553 2612 κάθαρσις
1595 2546 1917 2613 ἐπιφαίνεται,

347 2707 371 2746 1
406 2702 458 2747 δὲ
494 2717 531 2747 c.
655 2708 681 2746 2
713 2701 1078 2778 παραποδισμόν
1111 2717 1148 2749 c.
1271 2708 1301 2748 4
1333 2704 1605 2778 γινομένης
1616 2718 1640 2749 0
1672 2706 1805 2761 (corn
1838 2704 1910 2761 Ε).

287 2766 342 2806 10
377 2759 499 2818 ἔφην
531 2758 804 2831 (εἰρήκαμεν
828 2761 929 2819 E²):
965 2759 1108 2834 ἐχρῆν
1140 2777 1178 2807 c.
1303 2767 1356 2806 12
1391 2760 1549 2808 ἔλαιον
1583 2760 1690 2821 έρίω
1724 2777 1748 2808 0
1780 2766 1914 2820 (corr.
1949 2779 1961 2781 *⁷

224 2820 297 2878 E).
431 2826 485 2869 13
517 2817 659 2877 χυλὸν
691 2835 729 2865 o.
861 2826 916 2865 14
947 2819 1200 2878 γλοιῶδους
1231 2817 1548 2878 ἀνακοπείσης
1580 2836 1615 2867 0.
1752 2827 1805 2868 18
1840 2818 1915 2867 ένι

226 2880 288 2923 τῶ
321 2894 359 2924 c.
482 2885 537 2925 27
571 2881 843 2937 κρεμασμοῦ
877 2895 900 2924 c
932 2881 1065 2937 (corr
1099 2881 1172 2937 D).
