<?xml version="1.0" encoding="UTF-8"?>
<!DOCTYPE html PUBLIC "-//W3C//DTD XHTML 1.0 Transitional//EN"
    "http://www.w3.org/TR/xhtml1/DTD/xhtml1-transitional.dtd">
<html xmlns="http://www.w3.org/1999/xhtml" xml:lang="en" lang="en">
 <head>
  <title>
</title>
<meta http-equiv="Content-Type" content="text/html;charset=utf-8" />
  <meta name='ocr-system' content='tesseract 3.04.00' />
  <meta name='ocr-capabilities' content='ocr_page ocr_carea ocr_par ocr_line ocrx_word'/>
</head>
<body>
  <div class='ocr_page' id='page_1' title='image "./gynaeciorumvetus00sorauoft_0106.png"; bbox 0 0 2014 3162; ppageno 0'>
   <div class='ocr_carea' id='block_1_1' title="bbox 891 139 1251 191">
    <p class='ocr_par' dir='ltr' id='par_1_1' title="bbox 891 139 1251 191">
     <span class='ocr_line' id='line_1_1' title="bbox 891 139 1251 191; baseline -0.003 -16"><span class='ocrx_word' id='word_1_1' title='bbox 891 139 1251 191; x_wconf 52' lang='grc'>,82-</span> 
     </span>
    </p>
   </div>
   <div class='ocr_carea' id='block_1_2' title="bbox 164 275 1922 1005">
    <p class='ocr_par' dir='ltr' id='par_1_2' title="bbox 164 275 1922 1005">
     <span class='ocr_line' id='line_1_2' title="bbox 229 275 1918 339; baseline -0.001 -14"><span class='ocrx_word' id='word_1_2' title='bbox 229 276 478 326; x_wconf 83' lang='lat' dir='ltr'><strong>relaxetur</strong></span> <span class='ocrx_word' id='word_1_3' title='bbox 532 290 802 339; x_wconf 90' lang='lat' dir='ltr'>omnesque</span> <span class='ocrx_word' id='word_1_4' title='bbox 857 277 1110 339; x_wconf 83' lang='lat' dir='ltr'>angustiae</span> <span class='ocrx_word' id='word_1_5' title='bbox 1166 276 1380 339; x_wconf 89' lang='lat' dir='ltr'>spatium</span> <span class='ocrx_word' id='word_1_6' title='bbox 1433 276 1676 339; x_wconf 84' lang='lat' dir='ltr'>accipiant</span> <span class='ocrx_word' id='word_1_7' title='bbox 1735 281 1792 323; x_wconf 90' lang='lat' dir='ltr'>ut</span> <span class='ocrx_word' id='word_1_8' title='bbox 1844 275 1918 322; x_wconf 85' lang='lat' dir='ltr'>in·</span> 
     </span>
     <span class='ocr_line' id='line_1_3' title="bbox 230 346 1917 414; baseline -0.002 -15"><span class='ocrx_word' id='word_1_9' title='bbox 230 351 337 399; x_wconf 82' lang='lat' dir='ltr'>sans</span> <span class='ocrx_word' id='word_1_10' title='bbox 393 351 476 414; x_wconf 89' lang='lat' dir='ltr'>qui</span> <span class='ocrx_word' id='word_1_11' title='bbox 531 349 590 397; x_wconf 92' lang='lat' dir='ltr'>ad</span> <span class='ocrx_word' id='word_1_12' title='bbox 645 350 830 398; x_wconf 87' lang='lat' dir='ltr'>exitum</span> <span class='ocrx_word' id='word_1_13' title='bbox 877 349 1130 413; x_wconf 82' lang='lat' dir='ltr'>inpeditur</span> <span class='ocrx_word' id='word_1_14' title='bbox 1178 355 1468 414; x_wconf 87' lang='lat' dir='ltr'>praeparato</span> <span class='ocrx_word' id='word_1_15' title='bbox 1508 348 1648 413; x_wconf 91' lang='lat' dir='ltr'>lapsu</span> <span class='ocrx_word' id='word_1_16' title='bbox 1689 346 1917 396; x_wconf 83' lang='lat' dir='ltr'>facillime</span> 
     </span>
     <span class='ocr_line' id='line_1_4' title="bbox 231 420 1918 488; baseline -0.002 -15"><span class='ocrx_word' id='word_1_17' title='bbox 231 425 366 474; x_wconf 88' lang='lat' dir='ltr'>exire</span> <span class='ocrx_word' id='word_1_18' title='bbox 406 423 576 488; x_wconf 86' lang='lat' dir='ltr'>possit.</span> <span class='ocrx_word' id='word_1_19' title='bbox 640 437 751 471; x_wconf 91' lang='lat' dir='ltr'>nam</span> <span class='ocrx_word' id='word_1_20' title='bbox 791 429 1054 487; x_wconf 87' lang='lat' dir='ltr'>propterea</span> <span class='ocrx_word' id='word_1_21' title='bbox 1095 424 1241 472; x_wconf 91' lang='lat' dir='ltr'>etiam</span> <span class='ocrx_word' id='word_1_22' title='bbox 1280 423 1340 471; x_wconf 93' lang='lat' dir='ltr'>de</span> <span class='ocrx_word' id='word_1_23' title='bbox 1379 422 1646 488; x_wconf 91' lang='lat' dir='ltr'>pollinibus</span> <span class='ocrx_word' id='word_1_24' title='bbox 1683 437 1741 471; x_wconf 86' lang='lat' dir='ltr'>ex</span> <span class='ocrx_word' id='word_1_25' title='bbox 1774 420 1918 470; x_wconf 91' lang='lat' dir='ltr'>melle</span> 
     </span>
     <span class='ocr_line' id='line_1_5' title="bbox 231 496 1920 563; baseline -0.002 -16"><span class='ocrx_word' id='word_1_26' title='bbox 231 497 653 563; x_wconf 82' lang='lat' dir='ltr'>cataplasmamuS,</span> <span class='ocrx_word' id='word_1_27' title='bbox 693 511 889 546; x_wconf 86' lang='lat' dir='ltr'>omnem</span> <span class='ocrx_word' id='word_1_28' title='bbox 929 496 1119 546; x_wconf 91' lang='lat' dir='ltr'>scilicet</span> <span class='ocrx_word' id='word_1_29' title='bbox 1157 497 1458 546; x_wconf 89' lang='lat' dir='ltr'>vicinitatem</span> <span class='ocrx_word' id='word_1_30' title='bbox 1491 511 1639 561; x_wconf 89' lang='lat' dir='ltr'>supra</span> <span class='ocrx_word' id='word_1_31' title='bbox 1671 497 1920 560; x_wconf 83' lang='lat' dir='ltr'>pectinem</span> 
     </span>
     <span class='ocr_line' id='line_1_6' title="bbox 186 568 1920 636; baseline -0.003 -15"><span class='ocrx_word' id='word_1_32' title='bbox 186 581 207 614; x_wconf 85' lang='lat'><strong>5</strong></span> <span class='ocrx_word' id='word_1_33' title='bbox 231 579 281 621; x_wconf 89' lang='lat' dir='ltr'>et</span> <span class='ocrx_word' id='word_1_34' title='bbox 321 586 481 636; x_wconf 84' lang='lat' dir='ltr'>reneS,</span> <span class='ocrx_word' id='word_1_35' title='bbox 521 570 871 620; x_wconf 90' lang='lat' dir='ltr'>encathismate</span> <span class='ocrx_word' id='word_1_36' title='bbox 913 572 1060 619; x_wconf 91' lang='lat' dir='ltr'>etiam</span> <span class='ocrx_word' id='word_1_37' title='bbox 1098 572 1286 620; x_wconf 91' lang='lat' dir='ltr'>utimur</span> <span class='ocrx_word' id='word_1_38' title='bbox 1317 570 1393 618; x_wconf 91' lang='lat' dir='ltr'>vel</span> <span class='ocrx_word' id='word_1_39' title='bbox 1425 571 1644 635; x_wconf 82' lang='lat' dir='ltr'>spongiis</span> <span class='ocrx_word' id='word_1_40' title='bbox 1673 571 1725 618; x_wconf 90' lang='lat' dir='ltr'>in</span> <span class='ocrx_word' id='word_1_41' title='bbox 1750 568 1920 618; x_wconf 90' lang='lat' dir='ltr'>eadem</span> 
     </span>
     <span class='ocr_line' id='line_1_7' title="bbox 231 642 1920 709; baseline -0.002 -15"><span class='ocrx_word' id='word_1_42' title='bbox 231 661 357 709; x_wconf 89' lang='lat' dir='ltr'>aqua</span> <span class='ocrx_word' id='word_1_43' title='bbox 394 645 617 694; x_wconf 89' lang='lat' dir='ltr'>intinctis</span> <span class='ocrx_word' id='word_1_44' title='bbox 657 659 947 708; x_wconf 89' lang='lat' dir='ltr'>vaporamus</span> <span class='ocrx_word' id='word_1_45' title='bbox 987 650 1036 693; x_wconf 91' lang='lat' dir='ltr'>et</span> <span class='ocrx_word' id='word_1_46' title='bbox 1076 644 1267 693; x_wconf 88' lang='lat' dir='ltr'>sacellis</span> <span class='ocrx_word' id='word_1_47' title='bbox 1308 643 1478 693; x_wconf 89' lang='lat' dir='ltr'>calidis</span> <span class='ocrx_word' id='word_1_48' title='bbox 1518 642 1715 692; x_wconf 91' lang='lat' dir='ltr'>easdem</span> <span class='ocrx_word' id='word_1_49' title='bbox 1753 647 1920 707; x_wconf 89' lang='lat' dir='ltr'>partes</span> 
     </span>
     <span class='ocr_line' id='line_1_8' title="bbox 231 715 1921 782; baseline -0.002 -14"><span class='ocrx_word' id='word_1_50' title='bbox 231 720 554 782; x_wconf 79' lang='lat' dir='ltr'>contegimus,</span> <span class='ocrx_word' id='word_1_51' title='bbox 638 733 751 766; x_wconf 90' lang='lat' dir='ltr'>nam</span> <span class='ocrx_word' id='word_1_52' title='bbox 805 717 1064 782; x_wconf 88' lang='lat' dir='ltr'>aliquando</span> <span class='ocrx_word' id='word_1_53' title='bbox 1121 724 1171 767; x_wconf 89' lang='lat' dir='ltr'>et</span> <span class='ocrx_word' id='word_1_54' title='bbox 1225 717 1319 766; x_wconf 92' lang='lat' dir='ltr'>levi</span> <span class='ocrx_word' id='word_1_55' title='bbox 1366 721 1504 767; x_wconf 84' lang='lat' dir='ltr'>motu</span> <span class='ocrx_word' id='word_1_56' title='bbox 1552 715 1789 766; x_wconf 89' lang='lat' dir='ltr'>vehiculis</span> <span class='ocrx_word' id='word_1_57' title='bbox 1839 730 1921 764; x_wconf 90' lang='lat' dir='ltr'>eas</span> 
     </span>
     <span class='ocr_line' id='line_1_9' title="bbox 230 789 1920 858; baseline -0.002 -17"><span class='ocrx_word' id='word_1_58' title='bbox 230 800 424 858; x_wconf 90' lang='lat' dir='ltr'>gestare</span> <span class='ocrx_word' id='word_1_59' title='bbox 463 792 811 858; x_wconf 85' lang='lat' dir='ltr'>permittimus,</span> <span class='ocrx_word' id='word_1_60' title='bbox 851 791 1095 856; x_wconf 90' lang='lat' dir='ltr'>siquidem</span> <span class='ocrx_word' id='word_1_61' title='bbox 1134 791 1225 840; x_wconf 91' lang='lat' dir='ltr'>hac</span> <span class='ocrx_word' id='word_1_62' title='bbox 1264 793 1537 856; x_wconf 87' lang='lat' dir='ltr'>gestatione</span> <span class='ocrx_word' id='word_1_63' title='bbox 1570 791 1792 855; x_wconf 87' lang='lat' dir='ltr'>corporis</span> <span class='ocrx_word' id='word_1_64' title='bbox 1824 789 1920 838; x_wconf 86' lang='lat' dir='ltr'>fre-</span> 
     </span>
     <span class='ocr_line' id='line_1_10' title="bbox 233 864 1921 930; baseline -0.002 -15"><span class='ocrx_word' id='word_1_65' title='bbox 233 867 466 930; x_wconf 90' lang='lat' dir='ltr'>quentius</span> <span class='ocrx_word' id='word_1_66' title='bbox 519 879 673 930; x_wconf 90' lang='lat' dir='ltr'>pecus</span> <span class='ocrx_word' id='word_1_67' title='bbox 728 867 862 914; x_wconf 85' lang='lat' dir='ltr'>exire</span> <span class='ocrx_word' id='word_1_68' title='bbox 915 864 1052 914; x_wconf 88' lang='lat' dir='ltr'>solet.</span> <span class='ocrx_word' id='word_1_69' title='bbox 1141 880 1254 915; x_wconf 90' lang='lat' dir='ltr'>nam</span> <span class='ocrx_word' id='word_1_70' title='bbox 1307 865 1396 915; x_wconf 91' lang='lat' dir='ltr'>hac</span> <span class='ocrx_word' id='word_1_71' title='bbox 1451 866 1726 914; x_wconf 89' lang='lat' dir='ltr'>intentione</span> <span class='ocrx_word' id='word_1_72' title='bbox 1774 864 1921 912; x_wconf 89' lang='lat' dir='ltr'>etiam</span> 
     </span>
     <span class='ocr_line' id='line_1_11' title="bbox 164 938 1922 1005; baseline -0.002 -16"><span class='ocrx_word' id='word_1_73' title='bbox 164 949 207 982; x_wconf 90' lang='lat'>10</span> <span class='ocrx_word' id='word_1_74' title='bbox 231 941 420 1004; x_wconf 87' lang='lat' dir='ltr'>antiqui</span> <span class='ocrx_word' id='word_1_75' title='bbox 475 953 557 988; x_wconf 92' lang='lat' dir='ltr'>eas</span> <span class='ocrx_word' id='word_1_76' title='bbox 620 940 887 988; x_wconf 89' lang='lat' dir='ltr'>exercitius</span> <span class='ocrx_word' id='word_1_77' title='bbox 950 938 1218 1005; x_wconf 83' lang='lat' dir='ltr'>agitabant,</span> <span class='ocrx_word' id='word_1_78' title='bbox 1271 941 1338 988; x_wconf 90' lang='lat' dir='ltr'>ita</span> <span class='ocrx_word' id='word_1_79' title='bbox 1388 946 1443 989; x_wconf 88' lang='lat' dir='ltr'>ut</span> <span class='ocrx_word' id='word_1_80' title='bbox 1498 939 1557 987; x_wconf 91' lang='lat' dir='ltr'>ad</span> <span class='ocrx_word' id='word_1_81' title='bbox 1613 939 1922 1003; x_wconf 89' lang='lat' dir='ltr'>superiorem</span> 
     </span>
    </p>
   </div>
   <div class='ocr_carea' id='block_1_3' title="bbox 229 1009 1972 1078">
    <p class='ocr_par' dir='ltr' id='par_1_3' title="bbox 229 1009 1972 1078">
     <span class='ocr_line' id='line_1_12' title="bbox 229 1009 1972 1078; baseline -0.002 -16"><span class='ocrx_word' id='word_1_82' title='bbox 229 1020 420 1078; x_wconf 88' lang='lat' dir='ltr'>partem</span> <span class='ocrx_word' id='word_1_83' title='bbox 467 1012 584 1061; x_wconf 89' lang='lat' dir='ltr'>lecti</span> <span class='ocrx_word' id='word_1_84' title='bbox 631 1027 712 1061; x_wconf 93' lang='lat' dir='ltr'>eas</span> <span class='ocrx_word' id='word_1_85' title='bbox 752 1012 960 1077; x_wconf 88' lang='lat' dir='ltr'>ligarent</span> <span class='ocrx_word' id='word_1_86' title='bbox 1012 1019 1061 1062; x_wconf 94' lang='lat' dir='ltr'>et</span> <span class='ocrx_word' id='word_1_87' title='bbox 1099 1013 1360 1062; x_wconf 86' lang='lat' dir='ltr'>inferiores</span> <span class='ocrx_word' id='word_1_88' title='bbox 1400 1009 1566 1077; x_wconf 79' lang='lat' dir='ltr'>partes</span> <span class='ocrx_word' id='word_1_89' title='bbox 1607 1011 1922 1061; x_wconf 89' lang='lat' dir='ltr'>sublevarent</span> <span class='ocrx_word' id='word_1_90' title='bbox 1969 1054 1972 1059; x_wconf 94' lang='lat'>.</span> 
     </span>
    </p>
   </div>
   <div class='ocr_carea' id='block_1_4' title="bbox 232 1084 1921 1150">
    <p class='ocr_par' dir='ltr' id='par_1_4' title="bbox 232 1084 1921 1150">
     <span class='ocr_line' id='line_1_13' title="bbox 232 1084 1921 1150; baseline -0.002 -15"><span class='ocrx_word' id='word_1_91' title='bbox 232 1093 281 1136; x_wconf 90' lang='lat' dir='ltr'>et</span> <span class='ocrx_word' id='word_1_92' title='bbox 326 1086 632 1136; x_wconf 88' lang='lat' dir='ltr'>dimitterent</span> <span class='ocrx_word' id='word_1_93' title='bbox 678 1092 825 1150; x_wconf 88' lang='lat' dir='ltr'>atque</span> <span class='ocrx_word' id='word_1_94' title='bbox 866 1086 1187 1136; x_wconf 89' lang='lat' dir='ltr'>conliderent.</span> <span class='ocrx_word' id='word_1_95' title='bbox 1265 1086 1348 1135; x_wconf 90' lang='lat' dir='ltr'>alii</span> <span class='ocrx_word' id='word_1_96' title='bbox 1385 1102 1502 1135; x_wconf 92' lang='lat' dir='ltr'>vero</span> <span class='ocrx_word' id='word_1_97' title='bbox 1543 1086 1602 1136; x_wconf 92' lang='lat' dir='ltr'>ad</span> <span class='ocrx_word' id='word_1_98' title='bbox 1644 1084 1798 1135; x_wconf 90' lang='lat' dir='ltr'>scalas</span> <span class='ocrx_word' id='word_1_99' title='bbox 1839 1099 1921 1133; x_wconf 93' lang='lat' dir='ltr'>eas</span> 
     </span>
    </p>
   </div>
   <div class='ocr_carea' id='block_1_5' title="bbox 228 1157 1924 1298">
    <p class='ocr_par' dir='ltr' id='par_1_5' title="bbox 228 1157 1994 1298">
     <span class='ocr_line' id='line_1_14' title="bbox 228 1157 1921 1225; baseline -0.001 -17"><span class='ocrx_word' id='word_1_100' title='bbox 228 1159 445 1224; x_wconf 88' lang='lat' dir='ltr'>ligabant</span> <span class='ocrx_word' id='word_1_101' title='bbox 477 1167 526 1209; x_wconf 94' lang='lat' dir='ltr'>et</span> <span class='ocrx_word' id='word_1_102' title='bbox 566 1161 636 1209; x_wconf 90' lang='lat' dir='ltr'>sic</span> <span class='ocrx_word' id='word_1_103' title='bbox 668 1160 885 1223; x_wconf 89' lang='lat' dir='ltr'>pendere</span> <span class='ocrx_word' id='word_1_104' title='bbox 924 1159 1181 1225; x_wconf 88' lang='lat' dir='ltr'>iubebant,</span> <span class='ocrx_word' id='word_1_105' title='bbox 1229 1160 1310 1210; x_wconf 92' lang='lat' dir='ltr'>alii</span> <span class='ocrx_word' id='word_1_106' title='bbox 1348 1168 1513 1210; x_wconf 91' lang='lat' dir='ltr'>autem</span> <span class='ocrx_word' id='word_1_107' title='bbox 1552 1160 1799 1209; x_wconf 87' lang='lat' dir='ltr'>infinitum</span> <span class='ocrx_word' id='word_1_108' title='bbox 1839 1157 1921 1207; x_wconf 91' lang='lat' dir='ltr'>de·</span> 
     </span>
     <span class='ocr_line' id='line_1_15' title="bbox 230 1230 1924 1298; baseline -0.001 -16"><span class='ocrx_word' id='word_1_109' title='bbox 230 1233 479 1283; x_wconf 90' lang='lat' dir='ltr'>ambulare</span> <span class='ocrx_word' id='word_1_110' title='bbox 521 1230 677 1298; x_wconf 84' lang='lat' dir='ltr'>&lt;aut&gt;</span> <span class='ocrx_word' id='word_1_111' title='bbox 719 1233 916 1282; x_wconf 85' lang='lat' dir='ltr'>exsilire</span> <span class='ocrx_word' id='word_1_112' title='bbox 957 1233 1211 1298; x_wconf 87' lang='lat' dir='ltr'>cogebant,</span> <span class='ocrx_word' id='word_1_113' title='bbox 1251 1234 1332 1283; x_wconf 89' lang='lat' dir='ltr'>alii</span> <span class='ocrx_word' id='word_1_114' title='bbox 1371 1234 1525 1283; x_wconf 89' lang='lat' dir='ltr'>scalas</span> <span class='ocrx_word' id='word_1_115' title='bbox 1566 1232 1833 1283; x_wconf 90' lang='lat' dir='ltr'>ascendere</span> <span class='ocrx_word' id='word_1_116' title='bbox 1874 1236 1924 1280; x_wconf 92' lang='lat' dir='ltr'>et</span> 
     </span>
    </p>
   </div>
   <div class='ocr_carea' id='block_1_6' title="bbox 168 1306 1923 1357">
    <p class='ocr_par' dir='ltr' id='par_1_6' title="bbox 168 1306 1923 1357">
     <span class='ocr_line' id='line_1_16' title="bbox 168 1306 1923 1357; baseline -0.002 -1"><span class='ocrx_word' id='word_1_117' title='bbox 168 1316 208 1349; x_wconf 83' lang='lat'>1⁵</span> <span class='ocrx_word' id='word_1_118' title='bbox 232 1307 549 1356; x_wconf 88' lang='lat' dir='ltr'>descendere.</span> <span class='ocrx_word' id='word_1_119' title='bbox 590 1307 673 1355; x_wconf 89' lang='lat' dir='ltr'>alii</span> <span class='ocrx_word' id='word_1_120' title='bbox 712 1314 876 1356; x_wconf 89' lang='lat' dir='ltr'>autem</span> <span class='ocrx_word' id='word_1_121' title='bbox 914 1306 1143 1357; x_wconf 90' lang='lat' dir='ltr'>manibus</span> <span class='ocrx_word' id='word_1_122' title='bbox 1178 1306 1269 1356; x_wconf 92' lang='lat' dir='ltr'>sub</span> <span class='ocrx_word' id='word_1_123' title='bbox 1311 1307 1513 1357; x_wconf 89' lang='lat' dir='ltr'>ascellas</span> <span class='ocrx_word' id='word_1_124' title='bbox 1550 1308 1714 1356; x_wconf 89' lang='lat' dir='ltr'>missis</span> <span class='ocrx_word' id='word_1_125' title='bbox 1739 1321 1765 1355; x_wconf 91' lang='lat' dir='ltr'>a</span> <span class='ocrx_word' id='word_1_126' title='bbox 1789 1313 1923 1355; x_wconf 87' lang='lat' dir='ltr'>terra</span> 
     </span>
    </p>
   </div>
   <div class='ocr_carea' id='block_1_7' title="bbox 229 1379 1989 1666">
    <p class='ocr_par' dir='ltr' id='par_1_7' title="bbox 229 1379 1989 1666">
     <span class='ocr_line' id='line_1_17' title="bbox 231 1379 1988 1445; baseline -0.002 -15"><span class='ocrx_word' id='word_1_127' title='bbox 231 1380 550 1430; x_wconf 86' lang='lat' dir='ltr'>sublevabant</span> <span class='ocrx_word' id='word_1_128' title='bbox 597 1386 646 1429; x_wconf 85' lang='lat' dir='ltr'>et</span> <span class='ocrx_word' id='word_1_129' title='bbox 694 1379 879 1429; x_wconf 91' lang='lat' dir='ltr'>diutius</span> <span class='ocrx_word' id='word_1_130' title='bbox 928 1380 1251 1445; x_wconf 90' lang='lat' dir='ltr'>exagitabant.</span> <span class='ocrx_word' id='word_1_131' title='bbox 1329 1382 1414 1430; x_wconf 88' lang='lat' dir='ltr'>sed</span> <span class='ocrx_word' id='word_1_132' title='bbox 1471 1382 1592 1430; x_wconf 92' lang='lat' dir='ltr'>haec</span> <span class='ocrx_word' id='word_1_133' title='bbox 1632 1381 1796 1429; x_wconf 92' lang='lat' dir='ltr'>omnia</span> <span class='ocrx_word' id='word_1_134' title='bbox 1833 1393 1924 1428; x_wconf 92' lang='lat' dir='ltr'>nos</span> <span class='ocrx_word' id='word_1_135' title='bbox 1983 1411 1988 1438; x_wconf 80' lang='lat'>.-</span> 
     </span>
     <span class='ocr_line' id='line_1_18' title="bbox 229 1445 1989 1524; baseline -0.001 -21"><span class='ocrx_word' id='word_1_136' title='bbox 229 1453 567 1519; x_wconf 85' lang='lat' dir='ltr'>reprobamuS.</span> <span class='ocrx_word' id='word_1_137' title='bbox 629 1454 895 1518; x_wconf 88' lang='lat' dir='ltr'>praedictis</span> <span class='ocrx_word' id='word_1_138' title='bbox 935 1456 1066 1503; x_wconf 92' lang='lat' dir='ltr'>enim</span> <span class='ocrx_word' id='word_1_139' title='bbox 1106 1454 1257 1504; x_wconf 90' lang='lat' dir='ltr'>rebus</span> <span class='ocrx_word' id='word_1_140' title='bbox 1297 1456 1511 1520; x_wconf 89' lang='lat' dir='ltr'>graviter</span> <span class='ocrx_word' id='word_1_141' title='bbox 1551 1460 1778 1520; x_wconf 89' lang='lat' dir='ltr'>quassata</span> <span class='ocrx_word' id='word_1_142' title='bbox 1824 1467 1922 1502; x_wconf 86' lang='lat' dir='ltr'>ma·</span> <span class='ocrx_word' id='word_1_143' title='bbox 1974 1445 1989 1524; x_wconf 84' lang='lat' dir='ltr'>J</span> 
     </span>
     <span class='ocr_line' id='line_1_19' title="bbox 229 1528 1987 1592; baseline 0.003 -16"><span class='ocrx_word' id='word_1_144' title='bbox 229 1530 328 1576; x_wconf 86' lang='lat' dir='ltr'>trix</span> <span class='ocrx_word' id='word_1_145' title='bbox 376 1529 428 1576; x_wconf 90' lang='lat' dir='ltr'>in</span> <span class='ocrx_word' id='word_1_146' title='bbox 468 1528 743 1592; x_wconf 87' lang='lat' dir='ltr'>graviorem</span> <span class='ocrx_word' id='word_1_147' title='bbox 798 1528 1042 1577; x_wconf 83' lang='lat' dir='ltr'>fervorem</span> <span class='ocrx_word' id='word_1_148' title='bbox 1082 1528 1302 1578; x_wconf 91' lang='lat' dir='ltr'>incidere</span> <span class='ocrx_word' id='word_1_149' title='bbox 1343 1529 1479 1579; x_wconf 91' lang='lat' dir='ltr'>solet.</span> <span class='ocrx_word' id='word_1_150' title='bbox 1556 1529 1742 1578; x_wconf 87' lang='lat' dir='ltr'>idcirco</span> <span class='ocrx_word' id='word_1_151' title='bbox 1781 1533 1922 1576; x_wconf 88' lang='lat' dir='ltr'>uten·</span> <span class='ocrx_word' id='word_1_152' title='bbox 1986 1571 1987 1581; x_wconf 67' lang='grc'>,</span> 
     </span>
     <span class='ocr_line' id='line_1_20' title="bbox 232 1601 1923 1666; baseline 0.002 -17"><span class='ocrx_word' id='word_1_153' title='bbox 232 1601 350 1650; x_wconf 89' lang='grc'><strong>(111111</strong></span> <span class='ocrx_word' id='word_1_154' title='bbox 390 1607 466 1650; x_wconf 89' lang='lat' dir='ltr'>est</span> <span class='ocrx_word' id='word_1_155' title='bbox 503 1601 768 1666; x_wconf 87' lang='lat' dir='ltr'>praedictis</span> <span class='ocrx_word' id='word_1_156' title='bbox 801 1601 1030 1650; x_wconf 89' lang='lat' dir='ltr'>omnibus</span> <span class='ocrx_word' id='word_1_157' title='bbox 1062 1602 1477 1666; x_wconf 82' lang='lat' dir='ltr'>vaporationibuS.</span> <span class='ocrx_word' id='word_1_158' title='bbox 1541 1610 1591 1652; x_wconf 93' lang='lat' dir='ltr'>et</span> <span class='ocrx_word' id='word_1_159' title='bbox 1621 1607 1923 1651; x_wconf 91' lang='lat' dir='ltr'>metuentem</span> 
     </span>
    </p>
   </div>
   <div class='ocr_carea' id='block_1_8' title="bbox 164 1674 1926 1815">
    <p class='ocr_par' dir='ltr' id='par_1_8' title="bbox 164 1674 1926 1815">
     <span class='ocr_line' id='line_1_21' title="bbox 164 1674 1924 1741; baseline -0.001 -18"><span class='ocrx_word' id='word_1_160' title='bbox 164 1686 210 1718; x_wconf 81' lang='lat'>20</span> <span class='ocrx_word' id='word_1_161' title='bbox 233 1674 431 1739; x_wconf 91' lang='lat' dir='ltr'>quidem</span> <span class='ocrx_word' id='word_1_162' title='bbox 456 1674 644 1724; x_wconf 88' lang='lat' dir='ltr'>hortari</span> <span class='ocrx_word' id='word_1_163' title='bbox 676 1674 914 1723; x_wconf 91' lang='lat' dir='ltr'>debemus</span> <span class='ocrx_word' id='word_1_164' title='bbox 948 1690 1272 1740; x_wconf 89' lang='lat' dir='ltr'>securamque</span> <span class='ocrx_word' id='word_1_165' title='bbox 1305 1676 1466 1725; x_wconf 86' lang='lat' dir='ltr'>facere</span> <span class='ocrx_word' id='word_1_166' title='bbox 1500 1676 1633 1741; x_wconf 92' lang='lat' dir='ltr'>quod</span> <span class='ocrx_word' id='word_1_167' title='bbox 1665 1691 1763 1724; x_wconf 93' lang='lat' dir='ltr'>non</span> <span class='ocrx_word' id='word_1_168' title='bbox 1794 1675 1924 1739; x_wconf 90' lang='lat' dir='ltr'>peri-</span> 
     </span>
     <span class='ocr_line' id='line_1_22' title="bbox 233 1747 1926 1815; baseline 0.001 -19"><span class='ocrx_word' id='word_1_169' title='bbox 233 1747 446 1814; x_wconf 90' lang='lat' dir='ltr'>clitetur,</span> <span class='ocrx_word' id='word_1_170' title='bbox 479 1763 587 1797; x_wconf 91' lang='lat' dir='ltr'>eam</span> <span class='ocrx_word' id='word_1_171' title='bbox 621 1763 737 1796; x_wconf 90' lang='lat' dir='ltr'>vero</span> <span class='ocrx_word' id='word_1_172' title='bbox 772 1763 895 1813; x_wconf 90' lang='lat' dir='ltr'>quae</span> <span class='ocrx_word' id='word_1_173' title='bbox 930 1764 1197 1813; x_wconf 90' lang='lat' dir='ltr'>numquam</span> <span class='ocrx_word' id='word_1_174' title='bbox 1229 1752 1423 1815; x_wconf 89' lang='lat' dir='ltr'>peperit</span> <span class='ocrx_word' id='word_1_175' title='bbox 1455 1757 1505 1799; x_wconf 92' lang='lat' dir='ltr'>et</span> <span class='ocrx_word' id='word_1_176' title='bbox 1529 1749 1724 1799; x_wconf 89' lang='lat' dir='ltr'>dolores</span> <span class='ocrx_word' id='word_1_177' title='bbox 1748 1749 1926 1815; x_wconf 90' lang='lat' dir='ltr'>nescit,</span> 
     </span>
    </p>
   </div>
   <div class='ocr_carea' id='block_1_9' title="bbox 232 1821 1983 1890">
    <p class='ocr_par' dir='ltr' id='par_1_9' title="bbox 232 1821 1983 1890">
     <span class='ocr_line' id='line_1_23' title="bbox 232 1821 1983 1890; baseline 0.001 -20"><span class='ocrx_word' id='word_1_178' title='bbox 232 1821 427 1889; x_wconf 89' lang='lat' dir='ltr'>docere,</span> <span class='ocrx_word' id='word_1_179' title='bbox 466 1829 522 1871; x_wconf 90' lang='lat' dir='ltr'>ut</span> <span class='ocrx_word' id='word_1_180' title='bbox 561 1836 674 1871; x_wconf 91' lang='lat' dir='ltr'>cum</span> <span class='ocrx_word' id='word_1_181' title='bbox 706 1822 902 1871; x_wconf 92' lang='lat' dir='ltr'>dolores</span> <span class='ocrx_word' id='word_1_182' title='bbox 935 1825 1261 1890; x_wconf 88' lang='lat' dir='ltr'>occurrerint,</span> <span class='ocrx_word' id='word_1_183' title='bbox 1302 1825 1479 1889; x_wconf 91' lang='lat' dir='ltr'>spiritu</span> <span class='ocrx_word' id='word_1_184' title='bbox 1519 1829 1714 1874; x_wconf 90' lang='lat' dir='ltr'>retento</span> <span class='ocrx_word' id='word_1_185' title='bbox 1754 1822 1813 1872; x_wconf 91' lang='lat' dir='ltr'>ad</span> <span class='ocrx_word' id='word_1_186' title='bbox 1853 1824 1924 1871; x_wconf 88' lang='lat' dir='ltr'>in·</span> <span class='ocrx_word' id='word_1_187' title='bbox 1959 1822 1983 1878; x_wconf 14' lang='grc' dir='ltr'>,ἶ</span> 
     </span>
    </p>
   </div>
   <div class='ocr_carea' id='block_1_10' title="bbox 233 1977 1975 2154">
    <p class='ocr_par' dir='ltr' id='par_1_10' title="bbox 233 1977 1975 2154">
     <span class='ocr_line' id='line_1_24' title="bbox 354 1977 1921 2048; baseline 0.002 -27"><span class='ocrx_word' id='word_1_188' title='bbox 354 1983 377 2021; x_wconf 98' lang='grc'>1</span> <span class='ocrx_word' id='word_1_189' title='bbox 412 1977 666 2046; x_wconf 73' lang='lat' dir='ltr'>angustiae</span> <span class='ocrx_word' id='word_1_190' title='bbox 691 1979 737 2022; x_wconf 90' lang='lat' dir='ltr'>b:</span> <span class='ocrx_word' id='word_1_191' title='bbox 771 1978 1012 2036; x_wconf 88' lang='lat' dir='ltr'>congustie</span> <span class='ocrx_word' id='word_1_192' title='bbox 1045 1980 1082 2035; x_wconf 99' lang='grc' dir='ltr'>Ζ,</span> <span class='ocrx_word' id='word_1_193' title='bbox 1115 1982 1183 2039; x_wconf 71' lang='lat' dir='ltr'>·te</span> <span class='ocrx_word' id='word_1_194' title='bbox 1214 1980 1255 2024; x_wconf 78' lang='lat' dir='ltr'>h.</span> <span class='ocrx_word' id='word_1_195' title='bbox 1343 2005 1349 2008; x_wconf 89' lang='grc'>-</span> <span class='ocrx_word' id='word_1_196' title='bbox 1405 1979 1609 2048; x_wconf 81' lang='lat' dir='ltr'>spatium</span> <span class='ocrx_word' id='word_1_197' title='bbox 1641 1980 1714 2024; x_wconf 78' lang='lat' dir='ltr'>lh·</span> <span class='ocrx_word' id='word_1_198' title='bbox 1748 1978 1921 2036; x_wconf 86' lang='lat' dir='ltr'>spatio·</span> 
     </span>
     <span class='ocr_line' id='line_1_25' title="bbox 233 2036 1975 2095; baseline 0.002 -15"><span class='ocrx_word' id='word_1_199' title='bbox 233 2050 335 2081; x_wconf 91' lang='lat' dir='ltr'>sum</span> <span class='ocrx_word' id='word_1_200' title='bbox 367 2038 407 2081; x_wconf 91' lang='lat' dir='ltr'>b.</span> <span class='ocrx_word' id='word_1_201' title='bbox 529 2042 555 2080; x_wconf 99' lang='grc'>2</span> <span class='ocrx_word' id='word_1_202' title='bbox 589 2036 670 2094; x_wconf 83' lang='grc'><strong>(1111</strong></span> <span class='ocrx_word' id='word_1_203' title='bbox 702 2038 763 2081; x_wconf 92' lang='lat' dir='ltr'>ad</span> <span class='ocrx_word' id='word_1_204' title='bbox 795 2038 970 2082; x_wconf 82' lang='lat' dir='ltr'>exitum</span> <span class='ocrx_word' id='word_1_205' title='bbox 1001 2039 1050 2082; x_wconf 76' lang='lat' dir='ltr'>h:</span> <span class='ocrx_word' id='word_1_206' title='bbox 1085 2053 1204 2094; x_wconf 90' lang='lat' dir='ltr'>quae</span> <span class='ocrx_word' id='word_1_207' title='bbox 1238 2038 1365 2083; x_wconf 71' lang='lat' dir='ltr'>exitu</span> <span class='ocrx_word' id='word_1_208' title='bbox 1397 2041 1436 2095; x_wconf 91' lang='lat' dir='ltr'>b,</span> <span class='ocrx_word' id='word_1_209' title='bbox 1471 2039 1552 2095; x_wconf 89' lang='lat' dir='ltr'>qui</span> <span class='ocrx_word' id='word_1_210' title='bbox 1583 2039 1710 2083; x_wconf 73' lang='lat' dir='ltr'>exitu</span> <span class='ocrx_word' id='word_1_211' title='bbox 1743 2039 1770 2083; x_wconf 94' lang='grc' dir='ltr'>Ζ.</span> <span class='ocrx_word' id='word_1_212' title='bbox 1894 2043 1921 2083; x_wconf 82' lang='lat'><strong>3</strong></span> <span class='ocrx_word' id='word_1_213' title='bbox 1972 2062 1975 2066; x_wconf 90' lang='lat'>·</span> 
     </span>
     <span class='ocr_line' id='line_1_26' title="bbox 233 2075 1926 2154; baseline 0.001 -14"><span class='ocrx_word' id='word_1_214' title='bbox 233 2095 375 2140; x_wconf 87' lang='lat' dir='ltr'>etiam</span> <span class='ocrx_word' id='word_1_215' title='bbox 407 2097 459 2139; x_wconf 79' lang='lat' dir='ltr'>h.</span> <span class='ocrx_word' id='word_1_216' title='bbox 491 2109 573 2140; x_wconf 85' lang='lat' dir='ltr'>om.</span> <span class='ocrx_word' id='word_1_217' title='bbox 609 2097 662 2140; x_wconf 85' lang='lat' dir='ltr'>bl</span> <span class='ocrx_word' id='word_1_218' title='bbox 693 2097 816 2152; x_wconf 80' lang='lat' dir='ltr'>(fort.</span> <span class='ocrx_word' id='word_1_219' title='bbox 850 2098 1126 2154; x_wconf 88' lang='lat' dir='ltr'>praeterea).</span> <span class='ocrx_word' id='word_1_220' title='bbox 1264 2103 1289 2142; x_wconf 90' lang='lat'>5</span> <span class='ocrx_word' id='word_1_221' title='bbox 1325 2075 1633 2143; x_wconf 69' lang='lat' dir='ltr'>enca&#39;tismata</span> <span class='ocrx_word' id='word_1_222' title='bbox 1663 2099 1727 2143; x_wconf 82' lang='lat' dir='ltr'>bl.</span> <span class='ocrx_word' id='word_1_223' title='bbox 1849 2097 1926 2142; x_wconf 86' lang='lat' dir='ltr'>vel</span> 
     </span>
    </p>
   </div>
   <div class='ocr_carea' id='block_1_11' title="bbox 231 2153 1924 2284">
    <p class='ocr_par' dir='ltr' id='par_1_11' title="bbox 231 2153 1924 2273">
     <span class='ocr_line' id='line_1_27' title="bbox 233 2153 1924 2214; baseline 0.001 -16"><span class='ocrx_word' id='word_1_224' title='bbox 233 2153 444 2211; x_wconf 74' lang='lat' dir='ltr'>spongiis</span> <span class='ocrx_word' id='word_1_225' title='bbox 476 2155 526 2198; x_wconf 77' lang='lat' dir='ltr'>h:</span> <span class='ocrx_word' id='word_1_226' title='bbox 567 2155 605 2198; x_wconf 82' lang='lat'>&amp;</span> <span class='ocrx_word' id='word_1_227' title='bbox 636 2155 880 2212; x_wconf 84' lang='lat' dir='ltr'>expungiis</span> <span class='ocrx_word' id='word_1_228' title='bbox 914 2157 964 2211; x_wconf 91' lang='lat' dir='ltr'>b,</span> <span class='ocrx_word' id='word_1_229' title='bbox 1007 2157 1044 2201; x_wconf 68' lang='lat'>86</span> <span class='ocrx_word' id='word_1_230' title='bbox 1076 2157 1283 2214; x_wconf 84' lang='lat' dir='ltr'>spongiis</span> <span class='ocrx_word' id='word_1_231' title='bbox 1315 2159 1342 2202; x_wconf 92' lang='grc' dir='ltr'>Ζ.</span> <span class='ocrx_word' id='word_1_232' title='bbox 1467 2163 1492 2202; x_wconf 84' lang='grc'>’7</span> <span class='ocrx_word' id='word_1_233' title='bbox 1525 2157 1635 2214; x_wconf 88' lang='lat' dir='ltr'>ve(h</span> <span class='ocrx_word' id='word_1_234' title='bbox 1659 2155 1828 2214; x_wconf 83' lang='lat' dir='ltr'>l)iculis</span> <span class='ocrx_word' id='word_1_235' title='bbox 1859 2157 1924 2212; x_wconf 86' lang='lat' dir='ltr'>bl,</span> 
     </span>
     <span class='ocr_line' id='line_1_28' title="bbox 231 2212 1924 2284; baseline 0.002 -28"><span class='ocrx_word' id='word_1_236' title='bbox 231 2212 435 2257; x_wconf 79' lang='lat' dir='ltr'>vehiculi</span> <span class='ocrx_word' id='word_1_237' title='bbox 466 2215 507 2258; x_wconf 77' lang='lat' dir='ltr'>h.</span> <span class='ocrx_word' id='word_1_238' title='bbox 629 2217 655 2257; x_wconf 94' lang='lat'>8</span> <span class='ocrx_word' id='word_1_239' title='bbox 687 2213 863 2271; x_wconf 85' lang='lat' dir='ltr'>gestari</span> <span class='ocrx_word' id='word_1_240' title='bbox 896 2216 911 2258; x_wconf 91' lang='grc' dir='ltr'><strong><em>Ζ</em></strong></span> <span class='ocrx_word' id='word_1_241' title='bbox 943 2217 1028 2271; x_wconf 84' lang='lat' dir='ltr'>(—re</span> <span class='ocrx_word' id='word_1_242' title='bbox 1060 2217 1157 2272; x_wconf 86' lang='lat' dir='ltr'>bh).</span> <span class='ocrx_word' id='word_1_243' title='bbox 1290 2216 1380 2261; x_wconf 89' lang='lat' dir='ltr'>hac</span> <span class='ocrx_word' id='word_1_244' title='bbox 1413 2218 1443 2274; x_wconf 88' lang='grc' dir='ltr'>Ζ,</span> <span class='ocrx_word' id='word_1_245' title='bbox 1474 2215 1594 2261; x_wconf 89' lang='lat' dir='ltr'>hanc</span> <span class='ocrx_word' id='word_1_246' title='bbox 1628 2215 1924 2284; x_wconf 70' lang='lat' dir='ltr'>(gestatione)</span> 
     </span>
    </p>
   </div>
   <div class='ocr_carea' id='block_1_12' title="bbox 232 2273 1976 2345">
    <p class='ocr_par' dir='ltr' id='par_1_12' title="bbox 232 2273 1976 2345">
     <span class='ocr_line' id='line_1_29' title="bbox 232 2273 1976 2345; baseline 0.002 -29"><span class='ocrx_word' id='word_1_247' title='bbox 232 2273 281 2317; x_wconf 79' lang='lat' dir='ltr'>h:</span> <span class='ocrx_word' id='word_1_248' title='bbox 315 2285 343 2315; x_wconf 91' lang='lat' dir='ltr'>a</span> <span class='ocrx_word' id='word_1_249' title='bbox 374 2274 417 2317; x_wconf 93' lang='lat' dir='ltr'>b.</span> <span class='ocrx_word' id='word_1_250' title='bbox 566 2273 771 2330; x_wconf 84' lang='lat' dir='ltr'>corporis</span> <span class='ocrx_word' id='word_1_251' title='bbox 798 2299 853 2305; x_wconf 92' lang='lat'>—-</span> <span class='ocrx_word' id='word_1_252' title='bbox 879 2275 943 2330; x_wconf 89' lang='lat'>(9)</span> <span class='ocrx_word' id='word_1_253' title='bbox 978 2275 1124 2319; x_wconf 87' lang='lat' dir='ltr'>etiam</span> <span class='ocrx_word' id='word_1_254' title='bbox 1155 2289 1238 2321; x_wconf 91' lang='lat' dir='ltr'>om.</span> <span class='ocrx_word' id='word_1_255' title='bbox 1271 2276 1312 2320; x_wconf 83' lang='lat' dir='ltr'>h.</span> <span class='ocrx_word' id='word_1_256' title='bbox 1470 2281 1524 2320; x_wconf 90' lang='grc'>10</span> <span class='ocrx_word' id='word_1_257' title='bbox 1557 2274 1810 2320; x_wconf 87' lang='lat' dir='ltr'>exercicius</span> <span class='ocrx_word' id='word_1_258' title='bbox 1843 2287 1922 2320; x_wconf 83' lang='lat' dir='ltr'>eas</span> <span class='ocrx_word' id='word_1_259' title='bbox 1973 2332 1976 2345; x_wconf 22' lang='grc' dir='ltr'><em>ἶ</em></span> 
     </span>
    </p>
   </div>
   <div class='ocr_carea' id='block_1_13' title="bbox 233 2331 1864 2508">
    <p class='ocr_par' dir='ltr' id='par_1_13' title="bbox 233 2331 1864 2508">
     <span class='ocr_line' id='line_1_30' title="bbox 234 2331 1864 2391; baseline 0.002 -16"><span class='ocrx_word' id='word_1_260' title='bbox 234 2345 306 2387; x_wconf 90' lang='lat' dir='ltr'>ag.</span> <span class='ocrx_word' id='word_1_261' title='bbox 339 2332 381 2375; x_wconf 80' lang='lat' dir='ltr'>h.</span> <span class='ocrx_word' id='word_1_262' title='bbox 505 2331 809 2388; x_wconf 85' lang='lat' dir='ltr'>exagitabant</span> <span class='ocrx_word' id='word_1_263' title='bbox 840 2334 867 2376; x_wconf 93' lang='grc' dir='ltr'>Ζ.</span> <span class='ocrx_word' id='word_1_264' title='bbox 994 2338 1047 2378; x_wconf 94' lang='grc'>11</span> <span class='ocrx_word' id='word_1_265' title='bbox 1083 2336 1131 2378; x_wconf 93' lang='lat' dir='ltr'>et</span> <span class='ocrx_word' id='word_1_266' title='bbox 1162 2334 1279 2391; x_wconf 83' lang='lat' dir='ltr'>(inf.)</span> <span class='ocrx_word' id='word_1_267' title='bbox 1306 2360 1359 2367; x_wconf 86' lang='lat'><em>-</em></span> <span class='ocrx_word' id='word_1_268' title='bbox 1388 2334 1679 2379; x_wconf 70' lang='lat' dir='ltr'>dimitterent</span> <span class='ocrx_word' id='word_1_269' title='bbox 1709 2347 1793 2379; x_wconf 84' lang='lat' dir='ltr'>om.</span> <span class='ocrx_word' id='word_1_270' title='bbox 1821 2334 1864 2378; x_wconf 79' lang='lat' dir='ltr'>h.</span> 
     </span>
     <span class='ocr_line' id='line_1_31' title="bbox 237 2390 1863 2451; baseline 0.002 -18"><span class='ocrx_word' id='word_1_271' title='bbox 237 2395 289 2434; x_wconf 85' lang='lat'>12</span> <span class='ocrx_word' id='word_1_272' title='bbox 323 2392 464 2446; x_wconf 89' lang='lat' dir='ltr'>atque</span> <span class='ocrx_word' id='word_1_273' title='bbox 498 2390 789 2436; x_wconf 89' lang='lat' dir='ltr'>conliderent</span> <span class='ocrx_word' id='word_1_274' title='bbox 817 2392 869 2435; x_wconf 80' lang='lat' dir='ltr'>h:</span> <span class='ocrx_word' id='word_1_275' title='bbox 903 2406 994 2451; x_wconf 67' lang='lat' dir='ltr'>que</span> <span class='ocrx_word' id='word_1_276' title='bbox 1027 2393 1306 2438; x_wconf 89' lang='lat' dir='ltr'>conliderint</span> <span class='ocrx_word' id='word_1_277' title='bbox 1337 2395 1365 2450; x_wconf 91' lang='grc' dir='ltr'>Ζ,</span> <span class='ocrx_word' id='word_1_278' title='bbox 1399 2410 1443 2450; x_wconf 78' lang='grc' dir='ltr'>(1ς</span> <span class='ocrx_word' id='word_1_279' title='bbox 1469 2393 1801 2438; x_wconf 84' lang='lat' dir='ltr'>concluderent</span> <span class='ocrx_word' id='word_1_280' title='bbox 1825 2394 1863 2437; x_wconf 91' lang='lat' dir='ltr'>b.</span> 
     </span>
     <span class='ocr_line' id='line_1_32' title="bbox 233 2429 1842 2508; baseline 0.001 -15"><span class='ocrx_word' id='word_1_281' title='bbox 233 2447 383 2493; x_wconf 88' lang='lat' dir='ltr'>scalas</span> <span class='ocrx_word' id='word_1_282' title='bbox 418 2450 491 2493; x_wconf 78' lang='lat' dir='ltr'>zh-</span> <span class='ocrx_word' id='word_1_283' title='bbox 526 2450 739 2506; x_wconf 86' lang='lat' dir='ltr'>scapulas</span> <span class='ocrx_word' id='word_1_284' title='bbox 772 2451 797 2495; x_wconf 96' lang='lat' dir='ltr'>b</span> <span class='ocrx_word' id='word_1_285' title='bbox 832 2452 953 2506; x_wconf 81' lang='lat' dir='ltr'>(item</span> <span class='ocrx_word' id='word_1_286' title='bbox 983 2454 1141 2508; x_wconf 77' lang='lat' dir='ltr'>v.14).</span> <span class='ocrx_word' id='word_1_287' title='bbox 1268 2457 1322 2496; x_wconf 87' lang='lat'>13</span> <span class='ocrx_word' id='word_1_288' title='bbox 1354 2429 1609 2496; x_wconf 83' lang='lat' dir='ltr'>infinitum·</span> <span class='ocrx_word' id='word_1_289' title='bbox 1642 2453 1709 2497; x_wconf 82' lang='lat' dir='ltr'>sic</span> <span class='ocrx_word' id='word_1_290' title='bbox 1739 2452 1842 2496; x_wconf 77' lang='lat' dir='ltr'>blh.</span> 
     </span>
    </p>
   </div>
   <div class='ocr_carea' id='block_1_14' title="bbox 233 2486 1976 2626">
    <p class='ocr_par' dir='ltr' id='par_1_14' title="bbox 233 2486 1976 2626">
     <span class='ocr_line' id='line_1_33' title="bbox 236 2486 1976 2569; baseline 0.003 -18"><span class='ocrx_word' id='word_1_291' title='bbox 236 2512 292 2552; x_wconf 83' lang='lat'>14</span> <span class='ocrx_word' id='word_1_292' title='bbox 323 2510 407 2552; x_wconf 88' lang='lat' dir='ltr'>aut</span> <span class='ocrx_word' id='word_1_293' title='bbox 437 2509 614 2553; x_wconf 77' lang='lat' dir='ltr'>addidi.</span> <span class='ocrx_word' id='word_1_294' title='bbox 766 2508 975 2553; x_wconf 87' lang='lat' dir='ltr'>exsilire:</span> <span class='ocrx_word' id='word_1_295' title='bbox 1018 2512 1065 2555; x_wconf 90' lang='lat' dir='ltr'>et</span> <span class='ocrx_word' id='word_1_296' title='bbox 1097 2511 1234 2555; x_wconf 88' lang='lat' dir='ltr'>silere</span> <span class='ocrx_word' id='word_1_297' title='bbox 1266 2512 1339 2565; x_wconf 81' lang='lat' dir='ltr'>bl,</span> <span class='ocrx_word' id='word_1_298' title='bbox 1373 2510 1549 2556; x_wconf 89' lang='lat' dir='ltr'>etsilire</span> <span class='ocrx_word' id='word_1_299' title='bbox 1581 2512 1623 2556; x_wconf 80' lang='lat' dir='ltr'>h.</span> <span class='ocrx_word' id='word_1_300' title='bbox 1775 2510 1922 2555; x_wconf 86' lang='lat' dir='ltr'>scalas</span> <span class='ocrx_word' id='word_1_301' title='bbox 1947 2486 1976 2569; x_wconf 31' lang='grc' dir='ltr'>..ἢλ</span> 
     </span>
     <span class='ocr_line' id='line_1_34' title="bbox 233 2546 1922 2626; baseline 0.001 -15"><span class='ocrx_word' id='word_1_302' title='bbox 233 2567 382 2612; x_wconf 89' lang='lat' dir='ltr'>eciam</span> <span class='ocrx_word' id='word_1_303' title='bbox 414 2581 455 2612; x_wconf 92' lang='lat' dir='ltr'>a.</span> <span class='ocrx_word' id='word_1_304' title='bbox 487 2569 529 2613; x_wconf 82' lang='lat' dir='ltr'>h.</span> <span class='ocrx_word' id='word_1_305' title='bbox 667 2569 715 2611; x_wconf 87' lang='lat' dir='ltr'>et</span> <span class='ocrx_word' id='word_1_306' title='bbox 745 2567 1022 2613; x_wconf 87' lang='lat' dir='ltr'>descendere</span> <span class='ocrx_word' id='word_1_307' title='bbox 1054 2570 1083 2613; x_wconf 73' lang='lat' dir='ltr'><strong><em>h</em></strong></span> <span class='ocrx_word' id='word_1_308' title='bbox 1118 2569 1236 2626; x_wconf 79' lang='lat' dir='ltr'>(Sor.</span> <span class='ocrx_word' id='word_1_309' title='bbox 1268 2546 1508 2625; x_wconf 80' lang='lat'>27&#39;9,16):</span> <span class='ocrx_word' id='word_1_310' title='bbox 1541 2583 1623 2614; x_wconf 87' lang='lat' dir='ltr'>om.</span> <span class='ocrx_word' id='word_1_311' title='bbox 1658 2571 1720 2614; x_wconf 81' lang='lat' dir='ltr'>bl.</span> <span class='ocrx_word' id='word_1_312' title='bbox 1869 2572 1922 2613; x_wconf 85' lang='lat'>15</span> 
     </span>
    </p>
   </div>
   <div class='ocr_carea' id='block_1_15' title="bbox 233 2625 1922 2744">
    <p class='ocr_par' dir='ltr' id='par_1_15' title="bbox 233 2625 1922 2744">
     <span class='ocr_line' id='line_1_35' title="bbox 233 2625 1922 2674; baseline 0.001 -4"><span class='ocrx_word' id='word_1_313' title='bbox 233 2626 499 2672; x_wconf 90' lang='lat' dir='ltr'>manibus..</span> <span class='ocrx_word' id='word_1_314' title='bbox 521 2625 692 2672; x_wconf 83' lang='lat' dir='ltr'>,missis</span> <span class='ocrx_word' id='word_1_315' title='bbox 725 2627 801 2671; x_wconf 76' lang='lat' dir='ltr'>lh:</span> <span class='ocrx_word' id='word_1_316' title='bbox 834 2641 1019 2673; x_wconf 87' lang='lat' dir='ltr'>manus.</span> <span class='ocrx_word' id='word_1_317' title='bbox 1070 2627 1254 2674; x_wconf 84' lang='lat' dir='ltr'>,missas</span> <span class='ocrx_word' id='word_1_318' title='bbox 1286 2630 1325 2674; x_wconf 90' lang='lat' dir='ltr'>b.</span> <span class='ocrx_word' id='word_1_319' title='bbox 1433 2628 1629 2674; x_wconf 83' lang='lat' dir='ltr'>ascellas</span> <span class='ocrx_word' id='word_1_320' title='bbox 1661 2629 1708 2673; x_wconf 93' lang='lat' dir='ltr'>b.</span> <span class='ocrx_word' id='word_1_321' title='bbox 1742 2627 1922 2673; x_wconf 80' lang='lat' dir='ltr'>ascellis</span> 
     </span>
     <span class='ocr_line' id='line_1_36' title="bbox 235 2684 1833 2744; baseline 0.002 -14"><span class='ocrx_word' id='word_1_322' title='bbox 235 2687 300 2730; x_wconf 79' lang='lat' dir='ltr'>lh.</span> <span class='ocrx_word' id='word_1_323' title='bbox 424 2690 478 2730; x_wconf 83' lang='grc'>16</span> <span class='ocrx_word' id='word_1_324' title='bbox 510 2684 692 2730; x_wconf 88' lang='lat' dir='ltr'>diucius</span> <span class='ocrx_word' id='word_1_325' title='bbox 723 2685 1027 2742; x_wconf 86' lang='lat' dir='ltr'>exagitabant</span> <span class='ocrx_word' id='word_1_326' title='bbox 1055 2688 1105 2731; x_wconf 84' lang='lat' dir='ltr'>h:</span> <span class='ocrx_word' id='word_1_327' title='bbox 1149 2687 1452 2732; x_wconf 88' lang='lat' dir='ltr'>dimittebant</span> <span class='ocrx_word' id='word_1_328' title='bbox 1483 2691 1553 2743; x_wconf 79' lang='lat' dir='ltr'>(ut</span> <span class='ocrx_word' id='word_1_329' title='bbox 1582 2701 1621 2732; x_wconf 88' lang='lat' dir='ltr'>v.</span> <span class='ocrx_word' id='word_1_330' title='bbox 1654 2690 1736 2744; x_wconf 81' lang='lat'>12)</span> <span class='ocrx_word' id='word_1_331' title='bbox 1768 2689 1833 2732; x_wconf 85' lang='lat' dir='ltr'>bl.</span> 
     </span>
    </p>
   </div>
   <div class='ocr_carea' id='block_1_16' title="bbox 235 2745 1971 2818">
    <p class='ocr_par' dir='ltr' id='par_1_16' title="bbox 235 2745 1971 2818">
     <span class='ocr_line' id='line_1_37' title="bbox 235 2745 1971 2818; baseline 0.002 -30"><span class='ocrx_word' id='word_1_332' title='bbox 235 2745 326 2789; x_wconf 88' lang='lat' dir='ltr'>Sed</span> <span class='ocrx_word' id='word_1_333' title='bbox 358 2746 434 2789; x_wconf 76' lang='lat' dir='ltr'>lh:</span> <span class='ocrx_word' id='word_1_334' title='bbox 467 2758 550 2791; x_wconf 86' lang='lat' dir='ltr'>om.</span> <span class='ocrx_word' id='word_1_335' title='bbox 585 2745 623 2789; x_wconf 91' lang='lat' dir='ltr'>b.</span> <span class='ocrx_word' id='word_1_336' title='bbox 772 2750 827 2790; x_wconf 88' lang='grc'>17</span> <span class='ocrx_word' id='word_1_337' title='bbox 862 2746 1112 2801; x_wconf 86' lang='lat' dir='ltr'>probamus</span> <span class='ocrx_word' id='word_1_338' title='bbox 1144 2747 1172 2790; x_wconf 88' lang='grc' dir='ltr'>Ζ.</span> <span class='ocrx_word' id='word_1_339' title='bbox 1327 2751 1380 2791; x_wconf 89' lang='grc'>18</span> <span class='ocrx_word' id='word_1_340' title='bbox 1411 2746 1549 2803; x_wconf 90' lang='lat' dir='ltr'>inci(e</span> <span class='ocrx_word' id='word_1_341' title='bbox 1575 2747 1718 2818; x_wconf 68' lang='lat' dir='ltr'>Odere</span> <span class='ocrx_word' id='word_1_342' title='bbox 1751 2747 1823 2790; x_wconf 82' lang='lat' dir='ltr'>bl:</span> <span class='ocrx_word' id='word_1_343' title='bbox 1854 2746 1971 2791; x_wconf 49' lang='lat' dir='ltr'>irex</span> 
     </span>
    </p>
   </div>
   <div class='ocr_carea' id='block_1_17' title="bbox 233 2801 1941 2910">
    <p class='ocr_par' dir='ltr' id='par_1_17' title="bbox 233 2801 1923 2910">
     <span class='ocr_line' id='line_1_38' title="bbox 233 2801 1853 2863; baseline 0.001 -15"><span class='ocrx_word' id='word_1_344' title='bbox 233 2806 274 2848; x_wconf 82' lang='lat' dir='ltr'>h.</span> <span class='ocrx_word' id='word_1_345' title='bbox 398 2809 455 2848; x_wconf 89' lang='grc'>20</span> <span class='ocrx_word' id='word_1_346' title='bbox 487 2817 790 2859; x_wconf 88' lang='lat' dir='ltr'>securamque</span> <span class='ocrx_word' id='word_1_347' title='bbox 823 2805 896 2848; x_wconf 80' lang='lat' dir='ltr'>lh·</span> <span class='ocrx_word' id='word_1_348' title='bbox 929 2819 1139 2850; x_wconf 87' lang='lat' dir='ltr'>securam</span> <span class='ocrx_word' id='word_1_349' title='bbox 1172 2807 1210 2850; x_wconf 92' lang='lat' dir='ltr'>b.</span> <span class='ocrx_word' id='word_1_350' title='bbox 1333 2806 1458 2863; x_wconf 89' lang='lat' dir='ltr'>quod</span> <span class='ocrx_word' id='word_1_351' title='bbox 1489 2807 1539 2850; x_wconf 79' lang='lat' dir='ltr'>h:</span> <span class='ocrx_word' id='word_1_352' title='bbox 1571 2807 1626 2850; x_wconf 88' lang='lat' dir='ltr'>ut</span> <span class='ocrx_word' id='word_1_353' title='bbox 1657 2801 1752 2862; x_wconf 78' lang='grc' dir='ltr'><strong>(ὣς)</strong></span> <span class='ocrx_word' id='word_1_354' title='bbox 1784 2807 1853 2850; x_wconf 80' lang='lat' dir='ltr'>bl.</span> 
     </span>
     <span class='ocr_line' id='line_1_39' title="bbox 235 2862 1941 2910; baseline -0.001 -2"><span class='ocrx_word' id='word_1_355' title='bbox 235 2867 291 2908; x_wconf 90' lang='grc'>22</span> <span class='ocrx_word' id='word_1_356' title='bbox 327 2863 492 2908; x_wconf 85' lang='lat' dir='ltr'>docere</span> <span class='ocrx_word' id='word_1_357' title='bbox 524 2864 575 2908; x_wconf 82' lang='lat' dir='ltr'>h:</span> <span class='ocrx_word' id='word_1_358' title='bbox 611 2862 778 2908; x_wconf 87' lang='lat' dir='ltr'>docere</span> <span class='ocrx_word' id='word_1_359' title='bbox 811 2877 912 2907; x_wconf 88' lang='lat' dir='ltr'>eam</span> <span class='ocrx_word' id='word_1_360' title='bbox 945 2864 1083 2909; x_wconf 90' lang='lat' dir='ltr'>debet</span> <span class='ocrx_word' id='word_1_361' title='bbox 1115 2866 1178 2910; x_wconf 83' lang='lat' dir='ltr'>bl.</span> <span class='ocrx_word' id='word_1_362' title='bbox 1313 2866 1558 2910; x_wconf 88' lang='lat' dir='ltr'>occurrent</span> <span class='ocrx_word' id='word_1_363' title='bbox 1590 2866 1616 2909; x_wconf 89' lang='grc' dir='ltr'>Ζ.</span> <span class='ocrx_word' id='word_1_364' title='bbox 1739 2864 1941 2908; x_wconf 84' lang='lat' dir='ltr'>retentu</span> 
     </span>
    </p>
   </div>
   <div class='ocr_carea' id='block_1_18' title="bbox 1972 820 2014 3162">
    <p class='ocr_par' dir='ltr' id='par_1_18' title="bbox 1972 820 2014 3162">
     <span class='ocr_line' id='line_1_40' title="bbox 1972 820 2014 3162; baseline 0 0"><span class='ocrx_word' id='word_1_365' title='bbox 1972 820 2014 3162; x_wconf 95' lang='lat' dir='ltr'> </span> 
     </span>
    </p>
   </div>
  </div>
 </body>
</html>
