2014 3162
735 138 1139 191 —173—

91 270 448 335 ὑπεσταλκότας
484 278 589 334 ταῖς
627 273 736 340 ῥαξὶ
773 269 886 334 τοὺς
925 270 1120 339 ὄνυχας.
1173 269 1470 340 γραμμάτων
1509 274 1597 340 μὲν
1628 272 1779 339 ἐντός,

93 355 178 406 ἵνα
213 352 298 404 καὶ
334 350 418 404 διὰ
455 355 671 419 θεωρίας
708 351 800 420 τὴν
837 353 1012 420 τέχνην
1049 351 1225 422 ἰσχύσῃ
1262 358 1578 421 παραλαβεῖν.
1649 353 1779 423 ἀγχί-

95 455 217 496 νους
270 433 326 485 δὲ
370 431 494 502 πρὸς
545 431 598 486 τὸ
646 436 830 505 ῥᾳδίως
873 442 975 497 τοῖς
1026 434 1303 503 λεγομένοις
1347 435 1430 485 καὶ
1474 436 1780 503 γιγνομένοις

91 520 509 582 παρακολουθεῖν.
600 513 809 582 μνήμων
862 516 915 568 δὲ
969 519 1054 568 ἵνα
1102 517 1186 568 καὶ
1230 520 1328 568 τῶν
1371 517 1782 583 παραδιδομένων

91 594 345 663 ἆποκρατῆ
400 594 722 663 μαθημάτων.
808 596 1026 664 μάθησις
1078 594 1171 667 γὰρ
1224 598 1278 649 ἐκ
1331 595 1526 664 μνήμης
1570 599 1782 665 γὺγνεται
1805 617 1825 649 5

91 678 178 730 καὶ
214 675 551 744 καταλήψεως.
599 676 872 743 φιλόπονος
911 677 964 730 δὲ
1002 676 1126 746 πρὸς
1163 675 1215 730 τὸ
1254 678 1500 745 ἐπιμένειν
1528 685 1629 741 τοῖς
1661 695 1782 745 συμ-

93 756 343 827 βεβηκόσι.
453 761 536 810 δεῖ
586 756 679 827 γὰρ
726 757 1018 825 ἀνδρώδους
1070 762 1370 826 τληπαθείας
1418 782 1450 826 η
1506 759 1782 827 βουλομένη

91 845 331 893 τοσοῦτον
377 837 587 906 μάθημα
631 843 949 908 παραλαβεῖν.
1024 838 1227 907 κόσμιος
1272 840 1326 892 δὲ
1372 838 1455 892 διὰ
1503 838 1556 893 τὸ
1595 840 1783 908 μέλλειν

94 923 256 983 οἰκίας
290 918 608 972 πιστεύεσθαι
644 921 726 971 καὶ
765 919 1007 987 μυστήρια
1045 923 1178 988 βίου,
1215 922 1298 973 καὶ
1330 916 1404 974 ὅτι
1433 928 1537 984 ταῖς
1567 920 1785 987 φαύλαις

93 999 147 1054 τὸ
185 995 316 1069 ἦθος
353 1004 422 1063 εἰς
459 999 511 1053 τὸ
544 1000 882 1068 ἐπιβουλεύειν
921 1000 1129 1068 ἐφόδιόν
1159 1003 1257 1054 ἐστι
1286 1001 1338 1055 τὸ
1372 1005 1537 1055 δοκεῖν
1568 1001 1782 1070 ἰατρικὰς
1808 1022 1848 1053 ιο

90 1083 221 1150 ἔχειν
255 1081 555 1150 κατηχήσεις.
615 1080 1038 1150 ἆπαρεμπόδιστος
1077 1083 1132 1135 δὲ
1169 1090 1274 1146 ταῖς
1311 1083 1626 1150 αἰσθήσεσιν,
1681 1085 1785 1136 ἐπεὶ

92 1161 152 1216 τὰ
191 1163 281 1231 μὲν
319 1161 442 1236 ὃρᾷν
481 1167 572 1229 δεῖ,
610 1170 708 1216 τῶν
746 1163 801 1216 δὲ
841 1162 893 1226 ἐξ
932 1162 1233 1231 ἀνακρίσεως
1263 1162 1482 1230 ἀκούειν,
1519 1163 1577 1216 τὰ
1610 1165 1664 1217 δὲ
1701 1163 1784 1217 διὰ

95 1250 183 1312 τῆς
220 1242 355 1312 ἁφῆς
391 1243 798 1313 καταλαμβάνειν.
861 1242 1117 1312 ἆρτιμελὴς
1155 1245 1210 1298 δὲ
1240 1243 1364 1314 πρὸς
1399 1244 1453 1298 τὸ
1484 1252 1569 1314 τῆς
1599 1248 1653 1298 ἐν
1683 1253 1784 1308 τοῖς

95 1327 257 1394 ἔργοις
302 1323 571 1393 ’ὑπηρεσίας
616 1324 1045 1394 ἆπαρεμπόδιστος
1090 1323 1230 1379 εἶναι.
1331 1326 1529 1390 εὔτονος
1576 1328 1654 1393 δέ,
1701 1325 1784 1379 διὰ

93 1405 189 1476 γὰρ
238 1412 324 1474 τῆς
369 1408 423 1459 ἐν
469 1413 535 1480 τῷ
587 1404 892 1475 περιοδεύειν
947 1411 1286 1469 κακοπαθείας
1332 1408 1423 1470 δὶς.
1460 1406 1551 1475 τὴν
1606 1411 1784 1475 πρᾶξιν
1810 1423 1850 1456 15

93 1486 482 1557 παραλαμβάνει.
567 1486 786 1556 μακροὺς
833 1488 888 1540 δὲ
933 1489 1016 1539 καὶ
1060 1487 1264 1551 λεπτοὺς
1309 1490 1488 1557 ἔχουσα
1534 1487 1648 1552 τοὺς
1699 1492 1785 1541 δα-

99 1567 304 1631 κτύλους
341 1570 426 1621 καὶ
463 1566 822 1632 ὗπεσταλκότας
852 1567 966 1631 τοὺς
1006 1568 1205 1637 ὄνυχας,
1243 1573 1312 1633 εἰς
1349 1569 1402 1623 τὸ
1433 1571 1522 1638 τῆς
1552 1572 1606 1622 ἐν
1636 1569 1787 1638 βάθει

101 1657 383 1720 φλεγμονῆς
436 1649 786 1718 ἆσκυλτότερον
839 1649 1096 1702 ἅπτεσθαι.
1171 1656 1312 1703 τοῦτο
1367 1652 1530 1718 μέντοι
1582 1653 1664 1703 καὶ
1715 1650 1780 1704 δι’

94 1730 248 1799 αὐτῆς
287 1731 651 1801 ἐπιτυγχάνεται
681 1738 766 1800 τῆς
797 1733 853 1784 ἐν
883 1738 984 1794 τοῖς
1015 1732 1174 1799 ἔργοις
1204 1733 1587 1801 σπουδαιοτέρας
1616 1737 1787 1801 τριβῆς

98 1815 181 1866 καὶ
220 1817 601 1883 συγγυμνασίας.
1809 1829 1850 1861 20

620 2039 671 2087 II
728 2039 825 2099 Τίς
863 2034 1070 2103 ἀρίστη
1111 2042 1269 2103 μαῖα.

210 2158 259 2205 4.
303 2150 375 2204 Τὰ
399 2158 778 2222 συμπληροῦντα
807 2153 898 2221 τὴν
930 2153 1134 2223 ἀρίστην
1158 2160 1310 2220 μαῖαν
1334 2156 1486 2206 εἰπεῖν
1516 2151 1787 2221 ἀναγκαῖον

101 2235 187 2285 ἵνα
232 2236 289 2285 αἱ
330 2233 419 2301 μὲν
465 2232 654 2302 αρισται
698 2252 1034 2304 γιγνωσκωσιν
1073 2233 1270 2301 gamag,
1321 2238 1378 2286 αἶ
1411 2234 1465 2286 δὲ
1503 2232 1788 2302 ἆρτιμαθεῖς

99 2313 167 2380 ὥς
206 2318 274 2378 εἰς
312 2313 614 2383 ἆρχετύπους
650 2314 827 2378 ταύτας
865 2314 1227 2384 ἆποβλὲπωσιν,
1265 2313 1292 2368 ὁ
1318 2319 1425 2412 βίος
1456 2314 1511 2366 δε
1540 2312 1672 2415 παρὰ
1703 2335 1789 2377 τας

100 2399 260 2465 χρείας
298 2399 404 2467 εἰδῇ
442 2400 552 2448 τίνα
590 2399 672 2449 δεῖ
703 2403 1091 2464 μετακαλεῖσθαι.
1130 2417 1252 2448 κατα
1286 2394 1339 2448 τὸ
1372 2394 1545 2449 κοινὸν
1575 2395 1663 2463 μὲν
1694 2389 1787 2448 οὖν
1810 2414 1853 2448 25

100 2481 284 2530 τελείαν
331 2477 495 2544 φαμὲν
540 2476 630 2545 τὴν
677 2476 831 2545 μόνον
879 2483 966 2530 τοῦ
1012 2478 1178 2539 τέλους
1223 2482 1306 2544 τῆς
1352 2479 1568 2544 ἰατρικῆς
1600 2478 1788 2545 ἐπιτυγ-

223 2647 246 2686 1
283 2639 415 2694 ἐντὸς
446 2640 583 2697 εἶναι,
617 2644 695 2687 ἵνα
728 2659 751 2688 ο
785 2646 917 2700 (corr.
950 2644 1021 2701 E).
1143 2647 1168 2686 2
1202 2640 1381 2699 ἰσχύσοι
1412 2657 1436 2687 c
1470 2645 1601 2699 (corr.
1636 2641 1704 2698 E).

101 2705 133 2745 ’Τ
160 2703 305 2773 (δεῖ.
326 2704 363 2759 .)
394 2698 481 2758 τὴν
513 2701 805 2772 βουλομένην
837 2718 874 2747 0.
997 2707 1023 2747 8
1055 2698 1278 2773 κόσμειον
1312 2701 1416 2772 (sic)
1450 2717 1473 2746 c
1507 2703 1639 2759 (corr.
1666 2701 1733 2771 d).

105 2765 160 2805 17
191 2777 302 2812 τας.
353 2759 652 2817 ,φλεγμονὰς
682 2776 707 2806 c
722 2765 871 2833 (corr.
893 2762 975 2832 Ε)
1099 2765 1153 2805 18
1186 2756 1526 2817 ασκυλτότερον
1558 2761 1617 2803 E:
1649 2755 1787 2803 ἄσκε-

103 2816 329 2890 πτότερον
361 2834 385 2865 c
417 2820 523 2876 (nisi
552 2819 674 2864 forte
705 2816 1075 2891 ασκιπτότερον).
1227 2824 1284 2864 25
1318 2818 1419 2875 εἰδῇ
1454 2820 1512 2863 E:
1556 2816 1647 2874 ἤδη
1679 2820 1788 2874 (non

101 2873 227 2935 ἤδει)
259 2892 296 2924 c.
417 2883 474 2924 26
507 2875 594 2936 τὴν
624 2876 774 2937 μόνην
807 2894 831 2923 c
863 2876 1036 2937 (μόνην
1066 2876 1152 2935 τὴν
1183 2879 1252 2934 Ε).
