2014 3162
742 131 1138 184 *239—

93 266 339 334 ποιητέον,
378 263 452 318 ὅτι
489 262 834 333 ἆσκυλτότερος
872 258 1017 327 οὗτος
1054 262 1080 317 ὁ
1123 262 1303 332 τρόπος
1341 265 1424 316 καὶ
1454 263 1782 334 ἆφοβῶτερος.

94 350 138 400 εἰ
184 344 231 398 δ’
246 403 259 412 ‚
282 344 481 407 εὔτονος
525 343 775 414 τυγχάνει,
824 345 1169 397 διαναστατέον
1216 343 1373 412 αὐτὴν
1417 346 1499 397 καὶ
1537 346 1657 398 κατά
1695 353 1783 400 τοῦ

93 433 357 496 μαιωτικοῦ
411 427 677 496 λεγομένου
726 429 909 494 δίφρου
955 425 1219 479 καθιστέον
1259 469 1268 478 .
1310 467 1322 479 .
1365 469 1374 478 .
1421 432 1591 499 θερμῷ
1638 429 1780 496 ἐλαίῳ

92 507 462 576 καταχλιαστέον
507 507 590 560 καὶ
635 507 1004 576 ἐγχυματιστέον
1049 504 1172 574 πρὸς
1218 505 1272 560 τὸ
1310 512 1396 574 τῆς
1432 506 1783 576 κυοφορούσης

92 587 355 657 εὔψυκτον.
394 590 694 642 ἐπιτνθέσθω
729 589 783 641 δὲ
806 590 890 641 καὶ
912 595 1013 651 τοῖς
1044 589 1192 642 ποσὶν
1224 586 1376 656 αὐτῆς
1408 589 1590 656 σκέπης
1620 589 1784 642 ἕνεκεν
1807 613 1830 645 5

202 840 327 901 τρεῖς
367 833 420 884 δὲ
458 839 688 901 γυναῖκες
734 828 1020 899 ὑπηρέτιδες
1068 833 1282 884 ἔστωσαν
1327 837 1588 899 προσηνῶς
1635 795 1785 883 δυνά-

92 935 233 982 μεναι
277 912 330 966 τὸ
379 911 541 966 δειλὸν
587 919 996 980 παραμυθεῖσθαι
1038 917 1124 978 τῆς
1168 911 1543 1012 κυοφορούσης,
1581 934 1677 964 καν
1716 911 1781 979 μὴ

91 995 440 1062 πεπειραμέναι
476 999 575 1046 τῶν
605 999 813 1047 τοκετῶν
842 991 1164 1062 τυγχάνωσιν,
1205 995 1276 1045 ὡν
1308 991 1400 1046 δύο
1434 994 1523 1060 μὲν
1554 994 1782 1062 ἑκατέρω·
1810 1018 1854 1050 10

89 1083 205 1142 θεν,
252 1073 337 1142 μιᾶ
385 1075 439 1128 δὲ
486 1074 754 1137 ἐξόπισθεν
801 1077 1130 1143 διακρατοῦσα
1175 1071 1299 1141 πρὸς
1343 1072 1396 1126 τὸ
1445 1072 1510 1142 μὴ
1552 1073 1634 1127 διὰ
1672 1073 1786 1137 τοὺς

89 1155 279 1219 πόνους
323 1155 414 1224 τὴν
460 1154 682 1209 κύουσαν
735 1158 1088 1225 παρεγκλίνειν.
1175 1153 1240 1222 μὴ
1296 1154 1538 1225 παρόντος
1593 1156 1646 1207 δὲ
1697 1161 1785 1208 τοῦ

91 1243 358 1305 μαιωτικοῢ
406 1241 589 1306 δίφρου
635 1239 718 1290 καὶ
766 1238 845 1290 ἐπὶ
891 1243 1066 1304 μηροῖς
1112 1234 1347 1305 γυναικὸς
1385 1237 1720 1304 καθεζομένης
1758 1233 1785 1289 ὃ

91 1317 238 1382 αὐτὸς
286 1318 492 1372 δύναται
529 1319 763 1388 γενέσθαι
802 1315 1140 1385 σχηματισμός.
1219 1320 1301 1369 δεῖ
1340 1317 1393 1369 δὲ
1438 1315 1528 1384 τὴν
1574 1325 1785 1386 γυναῖκα

90 1399 349 1470 τυγχάνειν
387 1400 615 1466 εὔτονον,
662 1402 746 1451 ἴνα
782 1400 867 1450 καὶ
903 1396 955 1451 τὸ
995 1396 1148 1466 βάρος
1188 1399 1362 1469 ἐνέγκῃ
1399 1404 1485 1466 τῆς
1523 1400 1785 1466 ἐφεδραζο-
1810 1421 1854 1454 15

92 1482 243 1549 μένης
280 1480 518 1551 γυναικὸς
555 1482 640 1533 καὶ
678 1478 814 1548 παρὰ
853 1478 939 1542 τὰς
979 1477 1163 1542 ὠδῖνας
1200 1480 1417 1547 κατέχειν
1449 1478 1605 1547 αὐτὴν
1637 1479 1784 1547 δύνη-

90 1585 179 1616 ται.
254 1561 430 1616 λοιπὸν
477 1563 531 1614 δὲ
577 1560 609 1630 ἡ
650 1569 770 1629 μαῖα
808 1561 1172 1628 περιζωσαμένη
1212 1565 1426 1629 κοσμίως
1464 1560 1666 1614 ἄνωθεν
1702 1562 1788 1613 καὶ

88 1642 317 1696 κάτωθεν
360 1643 647 1705 καθεζέσθω
700 1642 789 1710 μὲν
836 1640 1067 1710 ἄντικρὺς
1114 1648 1198 1710 τῆς
1237 1640 1591 1709 ἆποτικτούσης
1627 1663 1786 1694 ταπει-

91 1725 278 1792 νοτέρα.
364 1728 446 1777 δεῖ
482 1723 576 1793 γὰρ
622 1725 672 1786 ἐξ
716 1720 1079 1791 ὑπερκειμένων
1126 1727 1194 1786 εἰς
1239 1722 1297 1775 τὰ
1346 1721 1643 1791 ὑποκείμενα
1695 1722 1786 1792 τὴν

92 1803 294 1872 ἐξολκὴν
331 1808 590 1874 γίγνεσθαι
627 1809 715 1857 τοῦ
755 1803 986 1873 ἐμβρύου.
1050 1803 1102 1857 τὸ
1137 1805 1191 1857 δὲ
1224 1808 1291 1868 εἰς
1321 1803 1374 1858 τὸ
1407 1803 1531 1873 γόνυ
1563 1808 1784 1867 καθίζειν
1808 1827 1853 1859 20

93 1885 264 1953 αὐτήν,
305 1883 371 1948 ὡς
409 1883 708 1953 ἐδοκίμασαν
745 1906 887 1950 τινες,
928 1883 1043 1953 μετὰ
1080 1891 1168 1939 τοῦ
1208 1887 1477 1954 δυσέργους
1514 1888 1598 1939 καὶ
1636 1886 1785 1955 ἄσχη-

94 1990 201 2035 μον.
281 1963 512 2030 ὡσαύτως
553 1967 606 2019 δὲ
643 1967 726 2018 καὶ
764 1964 816 2018 τὸ
858 1967 1072 2018 ἑστῶσαν
1110 1968 1164 2019 ἐν
1199 1966 1373 2039 βόθρῳ
1413 1966 1554 2036 χάριν
1592 1973 1678 2020 τοῦ
1718 1966 1784 2035 μὴ

94 2050 143 2112 ἐξ
181 2047 532 2116 ὑπερκειμένου
571 2045 655 2110 τὰς
693 2051 855 2115 χεῖρας
894 2049 1167 2115 ἐπιβαλεῖν,
1221 2046 1287 2110 ὡς
1332 2047 1541 2115 ἠξίωσεν
1574 2047 1786 2117 ’Ήρων.

91 2134 232 2184 τοῦτο
279 2127 373 2198 γὰρ
423 2127 483 2182 οὗ
529 2127 685 2195 μόνον
724 2126 935 2196 ἀπρεπὲς
983 2127 1104 2181 ἀλλὰ
1151 2131 1235 2182 καὶ
1282 2128 1531 2183 ἀδύνατον
1570 2131 1648 2181 ἐπὶ
1686 2136 1783 2181 τῶν

93 2212 325 2280 διστέγων
372 2212 537 2263 οἴκων.
607 2210 894 2271 καθεζέσθω
934 2213 1106 2262 τοίνυν
1142 2207 1175 2277 ἡ
1216 2217 1337 2277 μαῖα
1376 2213 1631 2272 διεστῶτας
1668 2207 1782 2271 τοὺς
1807 2231 1850 2264 25

94 2291 280 2360 μηροὺς
335 2293 512 2360 ἔχουσα
566 2291 648 2343 καὶ
704 2289 878 2358 μικρὸν
931 2289 1018 2344 τὸν
1067 2287 1328 2359 εὐώνυμον
1378 2291 1786 2359 προσκεκλιμένον

219 2405 241 2443 1
276 2416 350 2444 οτι
384 2395 464 2455 (ῶς
494 2398 571 2455 E):
606 2393 661 2442 ὃν
696 2413 733 2444 c.
879 2395 1189 2455 άσκυλότερος
1222 2414 1246 2443 0
1279 2402 1408 2455 (corr.
1442 2399 1513 2455 E).
1657 2402 1684 2442 2
1717 2400 1783 2442 δι-

95 2456 385 2504 αναστατέον
418 2457 516 2515 (sio,
548 2471 641 2502 non
673 2457 953 2503 διαστατέον
985 2459 1034 2515 d)
1067 2473 1104 2503 ο.
1226 2458 1307 2502 καὶ
1339 2472 1428 2502 om.
1464 2473 1488 2502 c
1521 2458 1643 2515 (add.
1677 2457 1745 2513 E).

98 2522 124 2561 3
171 2517 270 2562 sine
307 2518 477 2562 lacuna
517 2531 542 2561 c
583 2517 657 2592 (cf.
690 2518 791 2573 lah)
832 2517 918 2562 sic:
975 2515 1235 2562 καθιστέον
1262 2517 1459 2588 θερμοῦ
1503 2513 1662 2562 ἐλαίου
1704 2517 1786 2560 καὶ

94 2576 555 2634 κατακεχλιασμένου
589 2573 1003 2633 ἐγχυματιστέον..
1194 2581 1220 2620 5
1252 2572 1468 2633 ἄφυκτον
1501 2590 1539 2623 ο.
1672 2591 1786 2619 υπο·

93 2637 190 2679 τιθ.
226 2649 250 2680 ο
282 2637 416 2692 (corr.
446 2634 517 2691 E).
640 2641 666 2679 6
697 2635 913 2680 lacunam
945 2639 994 2680 et
1023 2613 1129 2693 sign
1131 2635 1260 2680 ificat
1291 2638 1339 2680 et
1371 2635 1528 2691 explet
1556 2635 1783 2690 interpres

94 2693 267 2739 latinus
298 2695 333 2751 I,
367 2700 437 2739 64.
562 2699 614 2739 11
649 2691 761 2745 τούς
793 2694 900 2741 add.
932 2696 969 2739 E
1005 2697 1113 2752 (om.
1148 2698 1205 2752 c).
1330 2699 1384 2739 15
1418 2696 1516 2738 ἴναε
1551 2691 1676 2737 εἶναι
1707 2707 1744 2736 c.

95 2749 263 2810 ἀφεδρ.
299 2754 460 2810 (sio)c
577 2758 631 2798 16
664 2753 746 2798 καὶ
778 2753 878 2811 (sic)
910 2769 948 2799 c.
1040 2759 1096 2799 21
1130 2753 1366 2810 δυσέργως
1396 2752 1477 2798 καὶ
1508 2747 1783 2808 ἀσχημόνως

97 2825 122 2856 c
153 2813 285 2867 (corr.
319 2813 389 2869 E).
511 2816 566 2856 22
602 2810 820 2856 ἕσθωσαν
853 2814 955 2870 (sie)
989 2827 1013 2857 e
1045 2815 1177 2870 (corr.
1203 2812 1276 2870 D).
1400 2816 1455 2857 25
1491 2809 1726 2865 δυστέγων
1758 2821 1782 2851 e

51 2903 58 2907 ⁷-
98 2871 228 2926 (corr.
262 2871 333 2928 Ε).
455 2875 512 2915 26
544 2870 1002 2928 προσκεκλιμένουσα
1034 2885 1059 2915 ο
1092 2873 1225 2927 (corr.
1257 2871 1332 2927 D).
