2014 3162
619 765 703 818 Ex
743 765 924 818 codice
963 765 1132 817 Paris.
1172 782 1250 834 gr.
1290 764 1434 818 2153

194 852 360 909 (chart.
401 867 434 895 s.
469 851 554 895 XV
595 852 676 907 qui
714 851 897 895 medica
934 850 1135 908 plurima
1166 853 1350 908 praeter
1383 851 1607 895 Soranum
1640 865 1668 895 a
1697 849 1877 894 Dietzio

193 912 430 967 repertum
469 925 560 954 uno
592 910 855 954 volumine
869 910 1080 954 continet
1110 910 1167 954 de
1199 911 1410 966 pulsibus
1443 909 1609 954 Galeni
1639 913 1688 954 et
1718 908 1878 953 defini-

314 969 464 1013 tiones
498 971 547 1013 et
576 968 991 1024 introductionem,
1023 968 1234 1013 Actuarii
1264 969 1408 1013 etiam
1440 982 1583 1026 opera.
1613 968 1759 1024 varia)

543 1076 827 1134 INDEX
884 1075 1526 1135 CAPITVLORVM

193 1188 484 1234 collectionis
526 1203 581 1233 ex
614 1189 791 1233 Sorano
832 1189 971 1244 amne
1002 1189 1140 1234 Aetio
1173 1187 1391 1245 (aliisque
1423 1188 1602 1246 paucis)
1637 1187 1696 1232 ad
1726 1201 1879 1232 rerum

194 2134 233 2176 ep
193 1662 224 2070 summme-eo
193 1501 223 1528 a

196 2207 215 2294 et-

225 2266 256 2294 ἓ

262 1248 473 1293 ordinem
503 1247 756 1293 Aetianum
793 1249 1036 1304 excerptae
1069 1250 1117 1293 et
1148 1247 1435 1305 compositae
1469 1247 1519 1305 (f.
1551 1248 1804 1303 218—289)

839 1307 896 1351 de
930 1306 1235 1351 muliebribus

927 1395 1006 1440 fol.
1040 1399 1149 1440 218:

316 1483 471 1537 Πίναξ
512 1484 606 1527 τῶν
647 1484 904 1553 γυναικίων
943 1480 1129 1527 παθων.
1193 1482 1288 1527 Καὶ
1328 1480 1396 1534 εἰς
1438 1479 1614 1533 πόσους

369 1543 594 1599 τμηταίον
635 1540 803 1598 λόγους
840 1538 925 1599 τὴν
967 1542 1059 1586 τῶν
1099 1543 1356 1598 γυναικίων
1395 1539 1615 1597 παράδω-

371 1616 464 1645 σιν·
453 1622 1545 1647 ...................
1602 1599 1698 1644 Sor.
1731 1599 1878 1656 praef.

318 1662 400 1711 Τίς
433 1657 558 1704 ἐστιν
592 1656 832 1715 ἔπιτήδιος
862 1657 978 1716 πρὸς
1009 1656 1062 1703 τὸ
1093 1659 1320 1716 γενέσθαι
1352 1661 1468 1717 μαία
1531 1694 1541 1704 .
1591 1696 1600 1705 .
1660 1657 1757 1703 Sor.
1790 1657 1824 1712 I,
1855 1663 1877 1701 1

318 1720 401 1770 Τίς
430 1715 595 1788 αρίστη
628 1720 744 1776 μαία
764 1754 1603 1765 ...............
1734 1751 1760 1773 ,,
1853 1722 1879 1761 2

319 1780 400 1829 Τίς
433 1774 573 1834 φύσις
605 1777 781 1835 μήτρας
812 1777 892 1821 καὶ
924 1779 1173 1834 γυναικίου
1206 1776 1363 1822 αἰδίου
1417 1814 1426 1822 .
1476 1813 1485 1822 .
1535 1813 1544 1822 .
1595 1779 1646 1892 .}

318 1838 439 1892 Περὶ
469 1839 716 1893 γυναικίου
749 1835 907 1881 αἰδίου
939 1871 1604 1883 ............

313 1895 435 1951 Περὶ
467 1894 685 1954 ἐμμήνων
716 1892 997 1965 καθάρσεως
1058 1930 1603 1941 ..........

317 1957 437 1999 Τίνα
469 1961 638 2013 σημεῖα
671 1952 897 2027 μελούσης
928 1955 1150 2026 γίνεσθαι
1181 1953 1542 2028 καθάρσεως..
1591 1989 1600 1998 .

316 2011 430 2058 Εἰ’
408 2014 488 2058 επὶ
519 2014 806 2072 συμφέροντι
838 2011 1032 2071 γέγονεν
1065 2010 1094 2070 ἡ
1126 2014 1219 2057 τῶν
1246 2010 1465 2070 ἐμμήνων
1499 2008 1618 2057 κάθ-

374 2088 505 2126 αρσις
527 2107 1605 2119 ...................

317 2131 382 2175 Εἰ
408 2129 578 2190 ὑγιηνὴ
615 2129 738 2176 ἔστὶν
770 2127 798 2187 ἡ
833 2133 1062 2188 διηνεκῶς
1092 2133 1332 2186 παρθενία
1357 2165 1607 2176 .....

318 2190 475 2248 Μέχρι
505 2194 630 2242 τίνος
660 2192 722 2235 τῶ
754 2188 881 2261 θήλυ
914 2188 1427 2247 παρθενοτροφητέον.
1476 2224 1486 2234 .
1536 2224 1545 2234 .
1596 2225 1605 2235 .
1697 2247 1699 2249 ¹

318 2250 430 2301 Πῶς
483 2248 764 2307 σημειωτέον
818 2267 904 2300 τας
950 2248 1219 2306 δυναμένας
1272 2245 1613 2306 συλλαμβάνειν

1733 1986 1759 2010 Η

1739 2105 1763 2127 ἱ,

1856 2075 1884 2232 ΦοέΙΦ
1854 1899 1882 1996 Οῖῦρ
1855 1810 1881 1850 ω

379 2310 494 2380 [exc.
532 2309 670 2354 ‘.Sor'
706 2310 809 2354 Aet.
842 2308 964 2364 XVI,
993 2309 1066 2378 7]
1064 2342 1607 2355 ..........
1737 2341 1765 2361 ,,
1859 2312 1884 2350 9

327 2369 408 2419 Τίς
428 2383 644 2442 αριστος
657 2369 905 2418 συνουσίας
937 2366 1099 2424 καιρὸς
1130 2364 1248 2425 πρὸς
1279 2364 1505 2423 σύλληψιν
1539 2402 1548 2411 .
1599 2402 1608 2411 .
1740 2398 1766 2421 ,,
1830 2369 1885 2408 10

324 2426 387 2471 Εἰ
415 2423 587 2484 υγιηνή
623 2423 748 2471 ἐστὶν
782 2423 809 2483 ἡ
844 2424 1070 2484 σύλληψις
1124 2460 1609 2473 .........
1741 2459 1767 2480 ,,
1831 2428 1885 2467 11

325 2516 443 2559 Τίνα
476 2519 646 2571 σημεῖα
677 2511 949 2571 συλλήψεως
983 2515 1100 2574 [exc.
1131 2517 1184 2560 A.
1221 2515 1266 2572 8]
1301 2549 1608 2561 ......
1631 2486 1651 2598 {
1665 2542 1718 2587 A
1728 2487 1887 2595 {VI}

377 2659 430 2706 τὸ
463 2660 852 2720 κυοφορούμενον
883 2657 912 2718 ἢ
946 2658 1072 2719 θήλυ
1107 2663 1220 2721 [exc.
1254 2661 1310 2706 A.
1344 2662 1429 2719 9].
1662 2658 1704 2702 A
1727 2658 1850 2762 ΧῗῙΙ,
1861 2663 1887 2702 9

326 2780 408 2830 Τίς
437 2796 466 2836 η
500 2780 593 2824 τῶν
626 2781 958 2837 συνηληφυιῶν
993 2775 1234 2837 ἐπιμέλεια
1246 2813 1611 2826 .......
1653 2733 1818 2833 Sor.aI‚
1835 2781 1890 2820 14

323 2867 443 2925 Περὶ
473 2869 633 2926 κίσσης
650 2902 1552 2915 ................
1592 2812 1818 2951 ἰέοΐχᾶέ
1835 2839 1888 2940 {g

322 2605 440 2647 Τίνα
472 2601 592 2647 κατὰ
624 2620 733 2654 τους
764 2600 988 2675 αρχαιόυς
1003 2607 1190 2674 σημεῖα
1214 2603 1297 2647 τοῦ
1323 2618 1467 2658 αρρεν
1493 2598 1764 2773 εἶναιῖὃοτ.
1783 2600 1818 2654 Ι,
1833 2605 1887 2644 13
