2014 3162
872 131 1279 183 -192—

228 263 621 332 παρατριβόμενα
667 266 812 332 χωρὶς
859 262 1103 325 ἓλκῶσεως
1153 266 1383 330 προίησιν
1430 261 1550 329 αἷμα
1595 265 1677 315 καὶ
1725 261 1790 325 ὥς
1836 265 1914 316 ἐπὶ

228 350 326 397 τῶν
371 345 491 398 ἄνευ
537 343 807 412 τραύματος
852 342 1170 412 καταγμάτων
1219 346 1514 411 αίμοβαφεῐς
1565 344 1619 395 ἕν
1664 351 1769 406 ταῖς
1814 344 1915 396 ἐπι·

228 425 390 478 λύσεσι
429 424 542 488 τοὺς
580 431 859 493 τελαμῶνας
897 422 1195 492 εὑρίσκομεν.
1243 422 1295 476 τὸ
1337 425 1390 476 δέ
1428 445 1563 486 τινας
1602 425 1652 486 ἐξ
1691 422 1809 477 ὅλου
1849 423 1915 492 μὴ

227 508 593 610 καθαιρομένας
639 503 997 574 συλλαμβάνειν
1042 503 1231 570 ψεῦδός
1278 505 1419 557 ἔστιν.
1494 506 1576 556 καὶ
1621 503 1714 573 γὰρ
1764 508 1807 557 εἰ
1850 504 1916 573 μὴ

184 610 205 643 5
231 586 295 640 δι’
340 591 561 656 αι’ματος,
617 586 700 638 διά
745 608 875 649 τινος
920 591 1043 655 γοῦν
1090 586 1238 654 άλλης
1288 582 1524 654 ὑγρασίας
1573 589 1916 654 καθαίρονται,

228 668 455 750 καθάπερ
493 670 575 720 καὶ
613 674 710 720 τῶν
748 665 942 736 ἀλόγων
974 666 1113 740 ζῴων
1142 666 1265 719 τινά.
1321 688 1436 734 μετα
1469 667 1522 719 δὲ
1551 665 1641 734 τὴν
1673 666 1918 735 σύλληψιν

229 752 638 852 ἐπικαθαίρρνταί
672 769 797 811 τινες
836 747 924 801 ἀπ’
961 748 1122 801 άλλων
1158 753 1337 849 μερῶν,
1378 745 1444 811 ὡς
1482 749 1760 816 ἔμπροσθεν
1798 750 1915 802 ἐδεί-

229 835 394 898 ξαμεν,
433 832 515 883 καὶ
554 828 646 883 οὐκ
685 831 733 892 ἐξ
773 831 975 882 ἐκείνων
1014 826 1087 891 οἷς
1124 827 1176 882 τὸ
1218 830 1406 898 σπέρμα
1442 830 1806 897 προσπέφυκεν.

344 917 428 965 29.
496 909 816 978 Ἡρόφιλος
864 910 918 962 δὲ
962 911 1077 964 ποτὲ
1124 911 1214 978 μὲν
1252 912 1334 963 καὶ
1371 912 1496 963 τισὶν
1532 916 1630 963 τῶν
1665 917 1919 979 γυναικῶν

163 1017 205 1049 10
229 991 476 1061 βλαβεράν
514 1011 669 1060 φησιν
707 990 832 1044 εἶναι
869 990 961 1059 τὴν
998 989 1262 1060 κάθαρσιν,
1301 993 1384 1044 καὶ
1422 990 1515 1061 γὰρ
1554 990 1919 1059 ἀνεμποδίστως

227 1072 362 1136 τινας
412 1072 653 1143 ὑγιαίνειν
700 1072 764 1142 μὴ
813 1071 1182 1146 καθαιρομένας
1227 1075 1310 1126 καὶ
1355 1072 1585 1136 πολλάκις
1629 1071 1918 1127 τούναντίον

227 1153 596 1223 καθαιρομένας
629 1153 896 1224 ὥχροτέρας
927 1158 1186 1223 γίγνεσθαι
1215 1156 1298 1207 καὶ
1328 1153 1604 1223 ἰσχνοτέρας
1627 1155 1710 1206 καὶ
1733 1160 1917 1207 παθῶν

227 1236 498 1305 λαμβάνειν
536 1236 788 1306 ἀφορμάς,
837 1235 955 1289 ποτὲ
995 1235 1049 1286 δὲ
1086 1236 1170 1287 καὶ
1209 1236 1292 1288 ἐπί
1324 1257 1473 1288 τινων
1513 1234 1761 1303 ὠφέλιμον
1800 1234 1919 1288 ὥστε

227 1316 465 1386 πρότερον
513 1317 789 1387 ἆχροούσας
836 1318 919 1369 καὶ
963 1314 1277 1384 ἆτροφούσας
1315 1316 1517 1386 ὕστερον
1554 1319 1637 1369 καὶ
1676 1316 1792 1385 μετὰ
1829 1316 1919 1384 τὴν

164 1421 206 1454 15
231 1398 480 1469 κάθαρσιν
518 1399 780 1468 εὖχροῆσαι
817 1420 866 1451 τε
903 1398 986 1450 καὶ
1025 1395 1339 1466 εὐτροφῆσαι.
1415 1397 1701 1462 Μνασέας
1741 1399 1795 1451 δὲ
1833 1398 1919 1462 τὰς

234 1482 323 1548 μὲν
362 1479 586 1550 σφοδρὸν
624 1483 751 1550 ἔχειν
789 1478 841 1533 τὸ
880 1477 1003 1531 κατὰ
1044 1477 1198 1545 φύσιν
1228 1478 1314 1543 τὰς
1346 1480 1400 1532 δὲ
1431 1478 1671 1549 ἀμυδρόν,
1710 1482 1792 1532 καὶ
1821 1486 1919 1534 τῶν

231 1561 458 1629 ἀμυδρὸν
496 1560 581 1624 τὰς
621 1562 710 1629 μὲν
748 1558 1058 1628 στεγνότερον
1097 1558 1182 1622 τὰς
1221 1561 1275 1612 δὲ
1306 1562 1644 1631 ῥὀωὸέστερον.
1694 1568 1798 1625 ταῖς
1829 1562 1918 1629 μὲν

229 1637 322 1695 οὖν
375 1641 683 1712 στεγνότερον
733 1640 958 1710 ἐχούσαις
1006 1639 1059 1693 τὸ
1110 1640 1233 1694 κατὰ
1283 1642 1437 1709 φύσιν
1487 1641 1709 1712 ὑγιεινήν
1763 1661 1918 1710 φησιν

229 1721 354 1776 εἶναι
391 1723 481 1791 τὴν
519 1723 782 1793 κάθαρσιν,
829 1729 934 1784 ταῖς
983 1722 1036 1774 δὲ
1076 1724 1403 1792 ῥοωὸέστερον
1442 1723 1532 1791 οὐχ
1570 1721 1810 1792 ὑγιεινήν,
1858 1721 1918 1777 ὃν

161 1828 203 1860 20
228 1803 412 1872 τρόπον
449 1807 531 1857 καὶ
569 1804 659 1873 τὴν
698 1807 1026 1872 φλεβοτομίαν
1063 1812 1165 1867 τοῖς
1197 1804 1286 1872 μὲν
1317 1805 1742 1874 στεγνοπαθοῦσιν
1773 1802 1918 1872 ἁρμό-

228 1890 326 1948 ζειν
367 1890 691 1954 διαχαλῶσαν,
729 1893 829 1948 τοῖς
862 1885 916 1936 δὲ
947 1886 1369 1954 ρευματιζομένοις
1400 1885 1645 1955 βλαβερὰν
1677 1883 1803 1938 εἶναι
1835 1885 1918 1950 διὰ

227 1966 280 2020 τὸ
324 1966 585 2030 συναύξειν
623 1965 714 2034 τὴν
753 1965 1156 2034 εὖὸιαφορησίαν.
1234 1966 1510 2035 λεληθότως
1548 1968 1602 2020 δὲ
1642 1962 1783 2031 οὗτος
1822 1971 1917 2020 εἶσ-

228 2045 335 2118 άγει
373 2047 431 2100 τὰ
469 2047 590 2101 κατὰ
630 2047 960 2102 Διονύσιον
1000 2047 1200 2118 στεγνόν
1237 2070 1282 2101 τι
1319 2051 1402 2101 καὶ
1439 2053 1623 2118 ῥοῶδες
1661 2047 1918 2117 ὀνομάζων

227 2127 348 2181 κατὰ
381 2128 551 2196 φύσιν,
583 2128 701 2198 ’ὅπερ
735 2127 824 2197 οὐχ
854 2127 987 2198 ὑγιές
1018 2130 1161 2196 ἔστιν,
1202 2128 1267 2192 ὡς
1303 2131 1357 2182 ἐν
1387 2137 1458 2203 τῷ
1491 2131 1742 2202 δευτέρῴ
1780 2131 1916 2198 περὶ

161 2232 204 2264 25
229 2210 594 2278 κοινοτήτων
633 2213 939 2280 ἐπελογίσθη.
1000 2208 1055 2263 τό
1094 2231 1148 2279 γε
1187 2209 1288 2278 μὴν
1327 2209 1792 2281 στεγνότερονκκατὰ
1824 2209 1917 2277 φύ-

229 2309 307 2344 σιν
356 2293 438 2344 καὶ
474 2298 559 2359 τῆς
599 2291 886 2359 μικροτάτης
924 2298 1204 2359 παθητικῆς
1243 2291 1546 2361 στεγνώσεως
1584 2289 1917 2360 ἆμυδρότερόν

229 2375 372 2429 ἐστιν.
450 2372 515 2437 ὦς
555 2369 647 2427 οὖν
687 2372 746 2427 οὐ
787 2373 943 2441 μόνον
980 2380 1080 2436 τοῖς
1119 2374 1539 2442 ρ”ευματιζομένοις
1578 2371 1846 2442 ε’πιβλαβὴς
1882 2370 1914 2440 ἡ

230 2457 526 2522 φλεβοτομία
572 2455 890 2521 καθέστηκεν,
945 2451 1066 2505 ἀλλὰ
1111 2455 1195 2505 καὶ
1239 2461 1340 2516 τοῖς
1386 2452 1619 2522 ἀμυδρῶς
1657 2471 1914 2523 στεγνοπα-

228 2541 377 2587 θοῢσι
431 2540 496 2607 τῷ
550 2539 751 2588 πλείονα
803 2533 892 2602 τὴν
946 2535 1140 2603 βλάβην
1195 2537 1424 2588 ἐπιτελεῖν
1476 2536 1782 2603 καλουμένης
1830 2540 1916 2602 τῆς

165 2637 207 2669 εο
234 2614 490 2682 δυνάμεως
535 2614 659 2682 πρὸς
704 2614 794 2682 τὴν
833 2620 1235 2683 συναναληψίαν,
1276 2616 1428 2679 οὕτως
1467 2618 1549 2668 καὶ
1594 2613 1626 2684 ἡ
1673 2615 1916 2685 κάθαρσις

348 2758 372 2796 2
410 2748 677 2796 ἔπιλύσεσιν
710 2766 757 2795 c:
791 2748 1053 2809 ἐπειλήσεσι
1085 2753 1120 2796 Ε
1155 2755 1217 2809 (p.
1234 2752 1366 2808 CIV).
1490 2759 1514 2797 7
1549 2751 1818 2810 ἔμπροσθεν
1850 2767 1910 2798 se
1958 2756 1961 2757 ⁷

228 2812 361 2866 1‚23.
486 2815 538 2854 16
571 2807 794 2867 αμυδρῶν
827 2826 863 2855 c.
957 2817 1013 2856 26
1045 2811 1125 2855 καὶ
1156 2810 1241 2868 τὴν
1274 2809 1584 2869 σμικροτάτην
1618 2827 1642 2856 c
1674 2814 1807 2869 (corr.
1839 2813 1912 2869 Ε).

289 2875 344 2913 30
376 2865 731 2925 ἄσυναλληψιαν
764 2884 787 2914 c
820 2872 950 2927 (corr.
983 2871 1053 2927 E).
