2014 3162
749 155 1105 206 ..17-

85 292 191 343 illas
240 291 418 340 fricare
458 305 620 355 neque
659 289 992 355 pectoralibus
1034 289 1198 339 fasciis
1238 289 1375 338 didas
1415 292 1770 355 constringere.

87 366 362 415 laxamento
419 365 550 413 enim
588 364 832 430 indigent,
883 370 940 412 ut
979 369 1028 412 et
1066 363 1190 412 lacte
1230 363 1425 428 impleri
1478 366 1669 428 possint
1722 371 1772 413 et

85 454 147 489 ne
188 439 248 487 de
287 441 394 503 ipsa
435 439 669 487 strictura
708 437 832 486 male
873 438 1193 501 accipiantur.
1223 470 1233 474 -

199 509 287 562 45.
327 512 382 561 In
423 518 595 560 octavo
635 526 805 561 mense
846 510 1057 576 qualiter
1096 510 1310 576 agendae
1352 507 1504 560 sunt?

198 601 311 636 cum
352 587 487 634 omni
520 584 850 634 sollicitudine
884 591 934 634 et
964 584 1214 650 diligentia
1249 590 1470 650 agantur.
1513 584 1607 633 hoc
1641 586 1771 633 enim
1795 595 1815 628 5

84 675 255 709 mense
308 659 577 725 plurimum
625 666 942 724 gravantur..
982 674 1074 724 pro
1122 674 1217 723 qua
1263 674 1318 707 re
1367 665 1563 723 oportet
1601 660 1770 707 nimie-

85 739 237 784 tatem
276 735 607 799 gestationum
644 732 980 798 tranquillare,
1021 734 1168 781 etiam
1210 732 1375 782 cibum
1406 733 1604 797 parcius
1637 732 1774 798 dare,

85 814 409 872 ventremque
466 809 631 872 ipsum
694 808 736 856 si
779 807 999 872 pondere
1053 806 1322 871 plurimum
1377 807 1560 871 pendet
1607 806 1772 855 fasciis

85 880 347 946 diligenter
398 883 722 930 constrictum
770 880 1096 946 suspendere,
1153 888 1321 930 ceroto
1370 881 1518 929 etiam
1563 896 1623 929 ex
1662 879 1770 928 oleo

88 955 235 1004 viridi
280 954 356 1004 vel
403 957 621 1004 murtino
662 955 790 1004 facto
831 962 996 1003 cutem
1036 956 1222 1003 ventris
1261 953 1459 1003 inlinire
1500 960 1556 1003 ut
1595 953 1770 1002 solide·
1797 966 1840 999 ιο

82 1035 189 1095 tur,
243 1044 305 1078 ne
354 1043 466 1079 cum
521 1043 696 1094 parere
753 1030 1028 1094 coeperint,
1084 1030 1308 1078 tensione
1356 1030 1462 1093 ipsa
1514 1027 1772 1077 conatibus

81 1109 356 1168 rumpatur.

196 1175 282 1226 46.
322 1176 378 1225 In
419 1192 549 1225 nono
589 1191 759 1226 mense
800 1191 925 1241 quae
965 1176 1188 1225 facienda
1228 1173 1379 1225 sunt?

196 1252 360 1300 iesum
398 1265 598 1300 versum
635 1250 793 1299 laxius
826 1250 1101 1316 obvolvere,
1142 1251 1426 1315 superiores
1457 1265 1574 1299 vero
1605 1257 1773 1315 partes
1820 1255 1822 1257 ’

87 1323 180 1374 sub
213 1324 351 1374 didas
383 1324 592 1388 amplius
634 1326 896 1391 stringere,
934 1331 991 1374 ut
1020 1325 1329 1389 proximante
1362 1330 1507 1388 partu
1538 1324 1774 1373 inferiora
1798 1335 1839 1368 15

87 1397 195 1448 loca
234 1405 560 1464 exponantur,
599 1406 654 1448 ut
677 1397 794 1447 illuc
826 1398 987 1447 infans
1018 1399 1178 1462 possit
1210 1397 1422 1446 celerius
1455 1399 1603 1447 exire.
1651 1398 1772 1447 locis

89 1473 236 1522 etiam
275 1474 396 1536 ipsis
435 1470 764 1522 laxamentum
798 1487 1091 1537 praeparare
1133 1470 1587 1538 encathismatibus,
1626 1473 1771 1521 etiam

87 1544 280 1595 lavacro
320 1547 395 1596 uti
434 1552 484 1595 et
521 1547 756 1611 pessariis
795 1561 921 1610 quae
962 1562 1019 1594 ex
1061 1545 1287 1610 adipibus
1318 1547 1561 1594 anserinis
1595 1552 1644 1595 et
1674 1561 1772 1595 me-

209 1736 230 1774 1
265 1730 434 1778 fricare
467 1733 564 1790 (sic,
595 1746 654 1777 sc.
682 1733 899 1789 oportet).
1022 1737 1048 1776 2
1080 1733 1277 1790 implere
1304 1734 1343 1780 b.
1465 1733 1617 1790 possit
1648 1735 1710 1779 bl.

85 1791 133 1834 et
162 1803 220 1835 ne
253 1790 269 1834 l
300 1791 374 1847 (ne
405 1794 449 1847 h,
481 1805 564 1836 om.
593 1793 678 1848 et):
711 1805 794 1836 om.
814 1793 852 1836 b.
957 1796 986 1835 4
1017 1791 1219 1848 qualiter
1251 1793 1297 1837 b:
1331 1792 1563 1849 quomodo
1597 1794 1612 1837 ῐ
1643 1795 1771 1850 (qua-

84 1849 222 1893 tenus
252 1849 314 1907 h).
468 1855 494 1895 5
525 1851 650 1895 hunc
683 1864 721 1895 e.
754 1865 911 1896 mense
944 1852 1044 1908 (sic)
1078 1852 1130 1895 bl
1161 1853 1386 1908 (mensem
1416 1853 1477 1907 h).
1630 1857 1655 1896 6
1687 1866 1772 1909 pro

83 1921 168 1953 om.
200 1909 228 1953 Z.
352 1911 557 1968 oportet:
594 1910 742 1954 omnis
772 1909 893 1966 (offis
918 1911 958 1966 b,
992 1909 1113 1954 offiif
1137 1912 1184 1966 h)
1219 1912 1319 1955 blh.
1445 1916 1467 1955 7
1503 1911 1773 1968 gestationi]

82 1967 120 2012 l:
153 1980 242 2035 -ne·
264 1969 290 2014 b
325 1969 436 2026 (-nis
468 1971 530 2027 h).
655 1973 682 2013 8
713 1968 918 2027 plurimu
951 1970 998 2014 b:
1032 1977 1177 2020 —mo‘zt
1208 1971 1235 2014 l.
1345 1975 1370 2015 9
1404 1985 1459 2015 ex
1490 1971 1593 2015 oleo
1624 1970 1773 2015 viride

31 2095 35 2098 .
85 2036 252 2112 (viriet
285 2058 318 2115 z)
352 2058 424 2102 lh:
457 2071 540 2103 om.
568 2058 607 2104 b.
733 2063 787 2102 10
818 2057 1021 2102 murano
1054 2058 1101 2103 b:
1133 2058 1322 2104 mirano
1356 2060 1421 2104 lh.
1544 2058 1774 2103 solidetur

85 2115 168 2172 (h):
203 2117 391 2161 -dentur
422 2118 487 2162 bl.
613 2122 665 2161 11
701 2117 909 2174 eoeperit
939 2118 1004 2162 bl.
1125 2118 1229 2175 ipsa
1260 2120 1294 2162 l:
1327 2117 1427 2176 ipse
1461 2119 1486 2162 b
1520 2119 1620 2174 (om.
1653 2119 1711 2175 72).

85 2175 350 2221 conatibus:
383 2177 450 2221 sic
481 2177 584 2222 blh.
725 2181 778 2220 12
811 2178 1056 2233 rumpatur
1087 2178 1154 2221 bc:
1187 2179 1461 2234 rumpantur
1492 2178 1593 2222 blh.
1719 2183 1772 2222 13

81 2233 136 2277 In
166 2247 290 2279 nono
322 2239 399 2281 etc.
426 2237 499 2280 bl:
539 2236 653 2280 Cum
685 2234 884 2280 obtabus
916 2237 1143 2293 (octavus)
1175 2237 1345 2281 mensis
1375 2235 1626 2281 transierit.
1662 2236 1773 2294 quid

83 2290 300 2338 facienda
331 2296 439 2339 sunt
469 2296 498 2339 h
531 2294 716 2350 (Cant).
837 2293 1080 2339 faciendae
1113 2296 1152 2340 b.
1277 2300 1333 2340 14
1362 2295 1466 2340 iosu
1489 2309 1624 2341 versu
1655 2298 1772 2352 <ver-

85 2364 188 2395 sum
219 2353 252 2410 l)
286 2354 358 2398 bl:
390 2353 634 2399 inferiores
665 2355 824 2412 partes
856 2355 897 2398 h.
1038 2355 1288 2400 obvolvere
1321 2356 1346 2400 b
1378 2356 1464 2412 (h):
1499 2355 1772 2400 subvolvere

87 2410 116 2455 l.
240 2411 494 2469 superioris
527 2414 566 2458 b.
687 2426 801 2459 vero
833 2426 915 2457 om.
950 2413 990 2458 b.
1121 2417 1174 2457 15
1209 2415 1294 2458 sub
1326 2428 1408 2459 om.
1443 2415 1469 2459 b
1503 2414 1606 2471 (sub
1639 2413 1772 2458 didas

87 2512 170 2545 om.
202 2501 263 2558 h).
385 2500 631 2560 isti-ingere
663 2473 1024 2575 b:⁵}}stringere
1057 2502 1093 2557 l,
1125 2502 1436 2559 perstringere
1468 2504 1510 2547 h.
1632 2504 1773 2560 partu

54 2630 63 2637 ,
87 2587 229 2635 infer.
308 2590 364 2634 ab
397 2590 505 2635 hinc
535 2591 722 2635 deoetrae
735 2593 893 2648 partis
915 2592 1022 2647 folii
1039 2595 1099 2636 18
1130 2592 1265 2637 tertia
1296 2607 1326 2637 a
1356 2605 1497 2649 marry.
1530 2605 1628 2648 sup.
1654 2604 1774 2647 pars

87 2648 240 2692 excisa
270 2652 334 2693 est
363 2649 416 2693 in
446 2649 542 2694 cod.
576 2650 618 2704 b,
648 2650 718 2694 ita
747 2654 800 2695 ut
828 2651 881 2695 in
911 2651 1091 2695 duabus
1123 2651 1193 2695 his
1221 2652 1410 2708 paginis
1439 2664 1595 2696 versus
1624 2663 1773 2705 onmes

89 2706 287 2751 dimidia
325 2708 400 2752 sui
431 2713 569 2764 parte
605 2710 812 2755 trwncati
849 2713 1010 2755 extent.
1193 2711 1253 2754 ad
1289 2709 1371 2757 inf.
1404 2711 1433 2754 1.
1469 2711 1726 2766 exponatur
1757 2711 1772 2752 l

88 2764 395 2821 (exponantur
423 2768 454 2811 h
483 2780 567 2812 om.
599 2767 693 2824 ad).
846 2773 900 2814 16
932 2768 1047 2813 locis
1081 2767 1222 2813 etiam
1253 2769 1365 2826 ipsis
1397 2769 1710 2813 laxamentum
1745 2769 1770 2812 b

88 2823 362 2878 (χαλαστέον
395 2825 536 2883 Sor.)=
568 2826 698 2871 locus
730 2827 873 2871 etiam
905 2826 996 2884 ipsi
1026 2828 1343 2873 laxamentis]
1375 2829 1520 2884 (locus
1545 2842 1634 2883 que
1660 2825 1768 2870 dixi.

90 2893 194 2924 cum
224 2883 490 2929 laxamento
522 2885 582 2941 h).

177 2962 354 3007 Soranus,
380 2966 436 2999 ed..
459 2966 569 2999 Rose.
1476 2963 1502 3001 2
