2014 3162
738 103 1140 156 —261—

102 234 436 304 ἀρρυσώτους,
481 235 565 287 καὶ
609 234 771 302 θηλὰς
818 234 934 303 μήτε
982 235 1190 306 μεγάλας
1229 237 1344 306 μκήτε
1384 242 1666 310 μικροτέρας
1704 242 1786 294 καὶ

102 315 218 383 μήτε
263 315 563 384 πυκνοτέροις
610 315 727 383 μήτε
773 315 900 385 ἄγαν
946 316 1278 387 σηραγγώδεις
1323 321 1404 371 καὶ
1451 319 1646 388 ἀθροῦν
1692 321 1786 390 ἀφ-

101 400 252 459 ιείσας
281 395 333 450 τὸ
366 395 505 466 γάλα,
539 394 792 465 σώφρονα,
825 405 1062 467 συμπαθῆ
1094 400 1176 452 καὶ
1205 397 1482 469 ἀόργιστον,
1506 400 1783 470 Ἑλληνίδα,

99 476 358 545 καθάριον.

210 557 396 613 τούτων
421 560 475 612 δὲ
507 561 709 614 ἕκαστον
732 562 1126 629 παρακειμένους
1158 563 1252 631 ἕχει
1283 561 1398 626 τοὺς
1430 562 1785 631 ἐπιλογισμούς.
1810 585 1831 618 5

98 639 413 709 ἀκμάζουσαν
459 642 550 709 μὲν
586 641 698 711 γάρ,
736 640 808 696 ’ὅτι
847 645 903 695 αἱ
938 641 1165 712 νεώτεραι
1202 643 1396 712 ἄπειροι
1433 646 1788 712 παιδοτροφίας

98 721 372 791 ὑπάρχουσι
423 724 507 776 καὶ
559 722 878 791 ἀμελεστέραν
940 726 1006 776 ἔτι
1060 725 1142 776 καὶ
1191 723 1427 792 παιδικὴν
1480 726 1644 793 ἔχουσι
1696 724 1788 793 τὴν

97 803 314 874 γνώμην.

210 885 275 954 μὴ
307 887 638 954 πρεσβυτέραν
671 886 741 952 δέ,
774 883 857 937 διὰ
890 884 981 952 τὴν
1004 882 1207 939 ἀτονίαν
1229 893 1317 939 τοῦ
1342 886 1577 954 σώματος,
1610 885 1788 956 ὑδαρὲς

98 966 189 1036 γὰρ
228 973 436 1036 γεννῶσι
473 965 526 1021 τὸ
565 965 712 1036 γάλα,
759 973 864 1029 ταῖς
904 967 959 1020 δὲ
997 963 1332 1035 ἀκμαζούσαις
1370 975 1657 1020 συνευτονεῖ
1686 972 1788 1020 πᾶν
1813 988 1855 1020 10

99 1047 314 1116 φυσικὸν
351 1051 508 1119 ἔργον.

207 1136 606 1199 προκεκυηκυῖαν
652 1130 706 1183 δὲ
752 1131 828 1193 δὶς
873 1127 906 1198 ἢ
953 1133 1080 1199 τρίς,
1134 1129 1207 1184 ὅτι
1255 1132 1310 1182 αἱ
1351 1128 1649 1199 πρωτοτόκοι
1701 1130 1789 1197 μὲν

97 1210 262 1281 ἀκμὴν
306 1214 662 1281 παιδοτροφίας
708 1210 1009 1281 ἀγύμναστοι
1056 1213 1139 1264 καὶ
1178 1210 1410 1265 παιδικὸν
1449 1213 1516 1264 ἔτι
1551 1213 1636 1264 καὶ
1674 1210 1790 1280 ἀμέ-

98 1301 242 1364 γεθες
294 1296 377 1346 καὶ
430 1292 733 1361 πυκνότερον
785 1291 839 1346 τὸ
894 1292 1135 1363 σύγκριμα
1188 1298 1287 1345 τῶν
1333 1299 1528 1361 μαστῶν
1577 1295 1789 1361 ἔχουσιν.

99 1379 155 1429 αἱ
190 1375 245 1428 δὲ
283 1374 514 1438 πολλάκις
554 1375 643 1442 μὲν
680 1372 1026 1442 ἀποκυήσασαι
1073 1373 1306 1437 πολλάκις
1353 1374 1407 1427 δὲ
1451 1373 1790 1442 νηπιοτροφῇ-
1814 1392 1856 1426 15

98 1475 243 1510 σασαι
274 1455 533 1526 ρακόεσσαι
563 1455 739 1509 λεπτὸν
770 1456 853 1508 καὶ
884 1454 976 1509 οὐκ
1006 1454 1219 1524 ἀκμαῖον
1249 1454 1538 1509 ἀποτελοῦσι
1567 1453 1619 1507 τὸ
1652 1453 1788 1524 γάλα.

209 1538 396 1592 ἄνοσον
435 1538 506 1604 δέ,
547 1536 619 1591 ὅτι
656 1535 790 1608 ὑγιὲς
829 1538 918 1604 μὲν
955 1537 1007 1591 τὸ
1046 1536 1171 1606 γάλα
1208 1538 1292 1590 καὶ
1328 1535 1572 1604 τρόφιμον
1604 1537 1653 1599 ἐξ
1684 1535 1790 1606 ὑγι-

103 1626 239 1674 εινοῦ
270 1619 508 1686 σώματος,
547 1622 762 1681 νοσῶδες
795 1619 848 1670 δὲ
878 1620 962 1671 καὶ
993 1625 1190 1685 φαῦλον
1223 1620 1275 1671 ἔκ
1306 1623 1531 1687 νοσεροῦ,
1562 1617 1791 1687 καθάπερ

104 1701 188 1754 καὶ
224 1698 277 1754 τὸ
319 1699 402 1752 διὰ
440 1706 527 1767 τῆς
564 1705 655 1769 γῆς
693 1699 890 1767 φαύλης
930 1701 1043 1770 ῥέον
1081 1695 1220 1768 ὕδωρ
1266 1701 1350 1752 καὶ
1397 1697 1517 1752 αὐτὸ
1563 1699 1792 1768 γεννᾶται

104 1787 302 1848 φαῦλον
341 1788 444 1844 ταῖς
482 1782 536 1834 ἐκ
574 1787 671 1834 τῶν
710 1779 1027 1849 εὖρυχωριῶν
1065 1779 1486 1849 διαφθειρόμενον
1523 1778 1790 1847 ποιότησιν.
1817 1798 1860 1831 20

211 1861 504 1915 εὖεκτοῢσαν
550 1863 630 1928 δέ,
676 1861 806 1916 τοῦτ’
858 1864 988 1915 ἔστιν
1035 1861 1275 1932 εὔσαρκόν
1311 1883 1360 1914 τε
1398 1862 1480 1914 καὶ
1519 1861 1792 1931 ρωμαλέαν,

99 1948 186 1996 τοῦ
233 1940 385 1996 αὐτοῦ
433 1943 522 2011 μὲν
567 1942 735 2012 χάριν,
783 1942 883 2011 ἤδη
932 1943 987 1995 δὲ
1031 1944 1113 1996 καὶ
1149 1948 1237 1996 τοῦ
1275 1940 1341 2010 μὴ
1382 1944 1563 2011 ῥαδίως
1603 1945 1672 2004 εἰς
1707 1940 1794 2004 τὰς

102 2021 367 2093 ὑπηρεσίας
419 2025 504 2077 καὶ
556 2024 640 2087 τὰς
695 2023 982 2092 νυκτερινὰς
1036 2028 1304 2093 φροντίδας
1343 2025 1652 2090 ἐξασθενεῑν,
1709 2021 1794 2076 διὰ

100 2110 241 2158 τοῦτο
281 2106 334 2157 δὲ
373 2106 455 2157 καὶ
493 2103 546 2157 τὸ
586 2103 710 2174 γάλα
750 2104 1064 2173 μεταβάλλειν
1102 2107 1182 2159 ἐπὶ
1219 2105 1272 2159 τὸ
1313 2113 1490 2174 χεῖρον.

216 2184 458 2255 εὐμεγέθη
499 2186 553 2239 δὲ
591 2192 656 2259 τῷ
696 2185 891 2253 σώματι.
958 2186 1326 2255 τροφιμώτερον
1364 2185 1457 2256 γὰρ
1496 2191 1594 2238 τῶν
1631 2184 1792 2238 ἄλλων
1816 2203 1860 2237 25

102 2264 177 2319 ἐπ’
221 2270 329 2335 ἴσης
367 2266 578 2335 ἐχόντων
616 2266 668 2321 τὸ
709 2265 807 2320 ἀπὸ
848 2266 1072 2336 μεγάλων
1111 2267 1348 2335 σωμάτων
1387 2266 1526 2337 γάλα.

212 2347 565 2418 εὖχρουστέραν
615 2350 682 2401 δέ.
763 2352 939 2415 μείζων
994 2347 1087 2418 γὰρ
1137 2350 1219 2401 ἐπὶ
1255 2355 1354 2402 τῶν
1392 2347 1627 2402 τοιούτων
1666 2349 1795 2399 αἰτία

226 2559 247 2596 1
269 2547 569 2623 άρυσσότους
601 2551 703 2609 (sic)
737 2567 762 2596 ο
793 2547 1079 2622 (ἀρυσώτους
1109 2551 1262 2607 infra)
1385 2556 1410 2595 3
1445 2547 1724 2607 ἀνόργιστον
1756 2564 1794 2595 c.

165 2615 191 2654 9
205 2607 286 2686 μὴ
321 2623 408 2655 om
445 2625 469 2654 c
502 2611 625 2668 (add.
657 2610 736 2713 Εέ
908 2616 963 2656 10
993 2628 1084 2684 γαρ
1117 2611 1216 2667 (sed
1247 2612 1355 2682 post
1385 2608 1486 2667 διὰ)
1517 2611 1576 2655 E:
1611 2610 1659 2654 τὲ
1695 2624 1730 2654 c.

108 2674 162 2713 16
193 2666 450 2726 ρακωοῖσαι
483 2684 508 2715 c
542 2674 673 2727 (corr.
698 2669 770 2726 E.)
896 2676 948 2715 17
983 2666 1360 2726 ἄνοσον-γάλα
1393 2671 1517 2745 (post
1542 2666 1679 2742 γάλα)
1704 2682 1792 2713 om.

107 2741 131 2771 c
164 2728 285 2783 (add.
311 2727 381 2798 Ε).
505 2735 559 2774 19
594 2726 779 2800 φαύλης
809 2729 869 2774 Ε.
904 2731 1086 2801 φαῦλον
1118 2745 1155 2775 0.
1280 2734 1335 2773 22
1368 2727 1448 2772 καὶ
1476 2729 1558 2773 τοῦ
1584 2724 1731 2771 αὐτοῦ
1755 2741 1793 2771 c.

166 2787 248 2830 τοῦ
281 2784 342 2843 μὴ
375 2784 550 2847 ρᾳδίως
581 2787 649 2839 εἰς
680 2785 782 2839 τὰςε
816 2788 877 2846 μὴ
914 2788 981 2840 εἰς
1011 2786 1063 2833 τό
1098 2786 1273 2845 ραδίως
1303 2784 1387 2839 τὰς
1419 2802 1455 2832 c.
1579 2791 1634 2831 27
1663 2781 1794 2841 εὖρο-

108 2844 315 2901 ωστέραν
348 2860 371 2890 e
405 2848 539 2903 (corr.
573 2846 647 2902 D).
770 2849 960 2905 μείζονα
993 2862 1017 2892 c
1049 2850 1182 2904 (corr.
1215 2846 1290 2903 D).
