2014 3162
760 98 1162 150 —361—

124 252 292 298 μικροι
332 236 418 283 τοῦ
449 234 688 298 κεφαλίου
719 229 1044 300 τυγχάνοντος
1074 229 1159 293 τὰς
1189 229 1279 283 δύο
1304 231 1606 300 προβέβληκε
1629 237 1805 300 χεῖρας,

124 309 430 364 ἀπευθύνειν
470 312 559 379 μὲν
595 310 648 365 τὸ
687 311 925 378 κεφάλιον
962 310 1412 379 ἀνακεκλασμένον,
1469 317 1805 380 συλλαμβανο-

121 391 283 460 μένων
330 392 383 445 δὲ
421 398 519 445 τῶν
560 398 734 462 χειρῶν
772 395 1088 446 ἐπισπᾶσθαι.
1167 391 1249 445 διὰ
1287 392 1381 461 γὰρ
1419 391 1509 460 τὴν
1548 391 1806 461 μικρότητα

120 479 206 526 τοῦ
242 477 482 540 κεφαλίου
522 473 776 541 σφήνωσις
814 473 996 537 ἐνιάκις
1035 473 1095 527 οὐ
1133 478 1357 544 γίγνεται.

232 558 275 607 εἰ
326 555 379 607 δὲ
428 555 506 607 ἐπὶ
559 553 718 617 πόδας
765 555 967 623 ἐνεχθὲν
1018 556 1389 624 παρεγκέκλικεν
1435 558 1503 617 εἴς
1549 576 1591 607 τι
1646 556 1804 622 μέρος,
1829 574 1848 606 5

119 636 376 702 μετακτέον
415 634 534 689 αὐτὸ
574 638 656 688 καὶ
694 634 1038 689 ἀπευθυντέον
1074 643 1140 709 τῷ
1180 638 1259 689 ἐπὶ
1297 634 1518 703 κεφαλὴν
1556 643 1806 704 παραπλη-

122 718 252 778 σίως.
339 719 383 767 εἰ
429 716 481 767 δὲ
525 714 611 769 τὸν
657 717 820 783 ἕτερον
864 716 996 770 πόδα
1040 718 1369 786 προβέβληκε,
1415 716 1563 770 πάλιν
1609 717 1698 785 μὲν
1745 715 1805 770 οὗ

122 798 202 847 δεῖ
233 796 408 850 τούτου
447 796 721 864 λαβόμενον
760 799 928 851 ἕλκειν.
976 805 1157 866 μᾶλλον
1195 797 1287 867 γὰρ
1326 804 1600 866 σφηνοῦται
1640 796 1692 851 τὸ
1725 800 1803 866 ἐμ-

118 881 275 944 βρυον
306 883 394 929 τοῦ
426 877 590 945 ἑτέρου
622 881 1075 946 συγκαμπτομένου.
1122 878 1235 941 τοὺς
1267 878 1536 942 δακτύλους
1569 878 1806 947 δὲάκρους

121 957 242 1010 κατὰ
266 956 352 1011 τὸν
382 964 468 1011 τοῦ
499 960 726 1026 περινέου
756 958 909 1012 τόπον
940 961 1142 1028 ἐρείδειν
1165 962 1247 1011 καὶ
1272 963 1339 1022 εἰς
1363 958 1414 1012 τὸ
1438 959 1584 1022 κύτος
1607 958 1804 1012 ἀπωσά-
1830 982 1872 1013 10

119 1060 267 1105 μενον
305 1044 389 1106 τῆς
428 1038 627 1107 μήτρας,
668 1037 766 1092 εἶτα
796 1042 1016 1093 καθέντα
1046 1039 1138 1108 τὴν
1175 1048 1309 1110 χεῖρα
1346 1039 1399 1094 τὸ
1441 1042 1603 1108 ἕτερον
1641 1041 1807 1102 σκέλος

119 1117 310 1173 ἁπλοῦν
356 1122 437 1173 καὶ
483 1126 548 1194 τῷ
597 1122 736 1193 ἑτέρῳ
776 1126 1118 1189 παρεκτείνειν.
1194 1125 1237 1175 εἰ
1274 1123 1328 1174 δὲ
1365 1120 1480 1184 τοὺς
1519 1120 1610 1174 δύο
1649 1119 1807 1183 πόδας

117 1203 422 1270 προβέβληκε
475 1208 560 1270 τῆς
613 1203 776 1270 ἑτέρας
828 1202 986 1271 χειρὸς
1031 1202 1456 1271 ἀνακεκλασμένης
1505 1201 1538 1269 ἢ
1585 1203 1666 1254 καὶ
1710 1207 1808 1254 τῶν

119 1286 285 1348 δυοῖν,
333 1282 483 1336 πάλιν
530 1281 761 1347 ὡσαύτως
799 1283 1019 1337 ἀνωθεῖν
1056 1283 1109 1337 τὸ
1150 1287 1367 1353 ἔμβρυον
1404 1285 1487 1335 καὶ
1524 1281 1608 1346 τὰς
1645 1290 1807 1351 χεῖρας

118 1365 462 1419 καταστέλλειν.
521 1370 564 1418 εἰ
601 1367 653 1418 δὲ
694 1370 961 1434 διαστῆσαν
998 1364 1112 1428 τοὺς
1149 1365 1308 1428 πόδας
1347 1364 1608 1432 διαφόροις
1646 1363 1806 1432 μέρεσι
1831 1385 1872 1419 15

117 1450 203 1512 τῆς
240 1443 444 1514 ὑστέρας
483 1445 779 1514 ἐνερήρεικε,
826 1446 1121 1515 ζευγνύοντα
1167 1445 1369 1509 τούτους
1407 1444 1509 1498 κατ’
1554 1444 1681 1498 εὐθὺ
1718 1450 1805 1498 τοῦ

119 1529 317 1594 στομίου
362 1533 447 1594 τῆς
496 1525 697 1595 ὑστέρας
734 1526 938 1580 τάσσειν.
1018 1531 1062 1580 εἰ
1099 1528 1153 1580 δὲ
1192 1529 1270 1580 ἐπὶ
1307 1526 1490 1596 γόνατα
1519 1525 1609 1593 τὴν
1648 1524 1806 1594 ὁρμὴν

119 1610 336 1674 εἴληφεν,
383 1606 604 1661 ἀνωθεῖν
644 1606 761 1661 αὐτὸ
802 1610 884 1660 καὶ
924 1607 1078 1671 οὕτως
1116 1614 1213 1661 τῶν
1252 1614 1434 1661 σκελῶν
1473 1605 1805 1660 ἁπλωθέντων

118 1689 196 1740 ἐπὶ
246 1687 404 1752 πόδας
444 1690 663 1751 ἐξέλκειν.
742 1693 784 1742 εἰ
823 1690 877 1742 δὲ
916 1691 995 1742 ἐπὶ
1032 1688 1199 1758 πυγὴν
1237 1687 1505 1756 ἐνήνεκται,
1544 1689 1627 1740 καὶ
1664 1693 1804 1740 τοῦτο

118 1767 458 1838 ἀναβιβάζειν,
509 1768 608 1822 εἶτα
645 1769 702 1823 τὰ
737 1771 880 1838 σκέλη
921 1772 1187 1836 ἐξαπλοῦν,
1240 1769 1323 1832 τὰς
1361 1777 1522 1838 χεῖρας
1562 1769 1615 1821 δὲ
1653 1790 1804 1837 παρα·
1829 1792 1872 1825 20

118 1854 339 1903 τείναντα
377 1859 477 1914 τοῖς
511 1858 684 1920 μηροῖς
722 1854 802 1905 ἐπὶ
840 1851 997 1914 πόδας
1037 1853 1256 1914 ἐξέλκειν.

230 1930 329 1985 εἶτα
367 1932 576 2002 πλάγιον
614 1935 919 2001 ἐπικείμενον
952 1936 995 1986 εἰ
1018 1933 1106 2001 μὲν
1135 1933 1319 2000 πρηνὲς
1347 1930 1381 1999 ἢ
1405 1931 1597 1998 ὕπτιον,
1636 1931 1806 2005 πράως

120 2010 238 2065 αὐτὸ
294 2011 378 2064 διὰ
424 2019 520 2066 τῶν
567 2014 818 2067 δακτύλων
863 2016 942 2067 ἐπὶ
987 2013 1205 2082 πλευρὰν
1259 2014 1503 2082 στρέφειν,
1558 2012 1692 2075 ὅπως
1739 2015 1807 2075 εἰς

118 2094 330 2147 κάθεσιν
367 2101 425 2165 τῇ
462 2096 583 2164 χειρὶ
612 2097 811 2164 γένηται
847 2096 1009 2159 τόπος.
1061 2101 1105 2149 εἶ
1141 2093 1450 2149 δὲ”αὗτο’θεν
1480 2095 1560 2147 ἐπὶ
1589 2091 1807 2161 πλευρὰν

119 2176 528 2244 ἐσχηματισμένον
558 2173 779 2244 ὑπάρχει,
810 2181 1163 2246 παρενείραντα
1193 2175 1283 2244 τὴν
1314 2183 1448 2244 χεῖρα
1478 2173 1648 2247 πρᾴως
1687 2173 1803 2227 ἀνα·
1826 2196 1870 2228 25

119 2257 310 2324 τρέπειν
342 2255 481 2323 αὐτό,
519 2255 650 2324 πλὴν
681 2255 856 2311 ἀνίσου
889 2259 978 2325 μὲν
1007 2264 1094 2312 τοῦ
1125 2263 1434 2326 πλαγιασμοῦ
1464 2255 1805 2324 τυγχάνοντος,

119 2336 241 2390 κατὰ
286 2337 344 2390 τὰ
396 2344 576 2405 μᾶλλον
615 2336 1022 2407 ἀποκεκρυμμένα
1059 2339 1146 2392 τοῦ
1186 2335 1420 2406 σώματος.
1497 2335 1713 2404 ἀμείνων
1752 2337 1806 2389 δὲ

118 2477 284 2540 ἠρέμα.
318 2478 378 2533 ὡς
411 2482 458 2527 εἰ
486 2497 522 2528 c.
670 2488 695 2527 2
729 2478 1023 2528 ἀνευθύνειν
1055 2497 1080 2528 c
1112 2485 1244 2541 (corr.
1276 2483 1346 2539 E).
1485 2478 1805 2540 συλλαμβανό-

119 2556 263 2598 μενον
296 2556 321 2587 ο
353 2543 483 2599 (corr.
516 2542 609 2599 E2).
756 2548 781 2587 6
817 2539 984 2587 ἔπευθ.
1020 2558 1044 2587 c
1076 2545 1207 2600 (corr.
1240 2542 1311 2599 E).
1462 2546 1489 2585 8
1520 2537 1692 2586 τούτου
1722 2539 1803 2584 1⁴3²:

118 2600 287 2645 τοῦτον
319 2615 356 2645 0.
481 2606 537 2649 10
568 2598 690 2646 κατὰ
721 2598 804 2645 τὸν
835 2602 942 2659 περὶ
974 2598 1087 2646 τόνν
1118 2618 1224 2646 κιου
1258 2601 1360 2658 (sic)
1391 2597 1539 2646 τόπον
1571 2615 1594 2645 c
1628 2601 1708 2655 (ad
1730 2600 1803 2643 in-

118 2659 265 2716 quina
294 2660 494 2715 infantis
523 2662 626 2718 lat.)
660 2675 774 2707 corr.
806 2660 857 2707 E.
983 2666 1034 2706 11
1070 2657 1165 2705 ἀπὸ
1201 2662 1325 2717 (ante
1356 2659 1441 2716 τῆς
1472 2677 1516 2717 μ.
1551 2661 1594 2716 c)
1628 2658 1718 2702 del.
1750 2659 1802 2704 E.

163 2717 262 2788 ,τὰς
292 2725 450 2794 χεῖρας
481 2734 506 2764 c
537 2722 671 2778 (corr.
705 2721 776 2778 E).
901 2726 955 2764 12
989 2719 1036 2765 εἰ
1068 2722 1172 2778 (om.
1206 2721 1248 2775 c)
1281 2719 1387 2763 add.
1419 2719 1474 2762 D.
1599 2723 1653 2762 16
1688 2714 1805 2761 ἐνεί-

119 2793 253 2833 ρηκει
285 2792 310 2822 0
343 2781 591 2835 (ενερείὸει
620 2779 692 2836 Ε).
775 2775 1020 2834 ζευγνύειν
1051 2775 1245 2830 τούτους
1277 2793 1302 2823 o
1334 2777 1431 2834 (καὶ
1455 2777 1558 2823 add.
1582 2777 1654 2834 E).
1749 2780 1804 2819 18

121 2832 313 2882 ἄνωθεν
345 2851 369 2881 c
401 2839 533 2894 (corr.
566 2838 638 2894 D).
761 2843 816 2884 22
848 2835 878 2896 ἢ
912 2853 1002 2883 om.
1037 2852 1061 2882 ο
1094 2838 1214 2895 (add.
1247 2837 1317 2895 E).
1417 2842 1473 2882 27
1506 2831 1717 2894 σώματος
1742 2837 1750 2891 Ι
1779 2831 1803 2878 ὁ
