2014 3162
757 121 1159 174 —227—

110 255 166 308 δὲ
203 252 288 308 τὸν
326 251 483 321 ὑμένα
518 259 694 307 τοῦτον
733 253 798 322 μὴ
840 251 969 306 εἶναί
1005 271 1139 321 φασι.
1203 253 1318 321 μήτε
1356 254 1448 324 γὰρ
1489 255 1802 326 εὑρίσκεσθαι

108 333 230 388 κατὰ
282 332 369 398 τὰς
422 333 694 402 ἆποτέξεις,
748 335 865 403 μήτε
917 335 970 389 τὸ
1026 337 1182 389 ἕλκειν
1227 335 1524 405 εῦχρηστιον.
1608 339 1661 394 τὸ
1707 340 1800 410 γὰρ

108 413 261 486 ὑγρὸν
307 413 401 469 οὐκ
450 412 574 469 εἶναι
620 423 857 471 τοιοῦτον.
931 421 978 470 εἰ
1022 417 1075 469 δὲ
1120 418 1202 469 καὶ
1247 424 1471 472 τοιοῦτον
1521 414 1603 487 ἦν,
1643 419 1803 473 εὐεπί-

109 513 328 567 γνωστον
373 497 559 566 ἐγένετο
605 503 662 567 τῇ
709 502 967 569 συνηθείᾳ.
1045 499 1126 551 καὶ
1173 497 1330 561 ἄλλως
1376 499 1500 566 μηδὲ
1554 498 1804 553 δύνασθαι

113 576 195 630 διὰ
232 583 319 631 τοῦ
351 576 582 646 στόματος
613 579 841 632 ἕλκεσθαι
873 586 1014 633 τοῦτο
1045 584 1111 652 τῷ
1141 579 1232 646 τὴν
1255 578 1519 648 ἀναπνοὴν
1546 584 1803 650 γίγνεσθαι
1826 604 1847 636 5

110 658 192 713 διὰ
239 666 326 713 τοῦ
374 658 618 728 ὀμφαλοῦ.
696 660 820 729 πρός
865 682 914 714 τε
958 659 1010 714 τὸ
1060 658 1194 714 εἶκον
1231 658 1263 728 ἡ
1303 661 1538 727 ε’πέρεισις
1579 665 1802 731 γίγνεται.

112 739 326 810 μηδενὸς
365 736 459 795 οὖν
497 744 711 805 εἴκοντος
751 743 805 794 έν
834 750 936 806 τοῖς
967 742 1197 811 ἐμβρύοις
1229 740 1321 796 οὐκ
1352 740 1417 795 ἂν
1453 741 1485 811 ἡ
1511 746 1804 811 παρείσοδος

108 824 297 892 γένοιτο
339 830 440 886 τοῖς
477 821 659 892 ὑγροῖς.
735 825 780 875 εἰ
817 823 871 875 δὲ
908 825 990 876 καὶ
1029 829 1245 891 φυσικῆς
1285 825 1437 877 ε’δεῖτο
1478 825 1675 891 σκέπης,
1716 824 1802 878 αὔ-

110 925 279 971 ταρκες
323 897 389 970 ἦν
435 902 588 971 μόνας
634 902 718 966 τὰς
765 902 1065 972 εὐρυχωρίας
1111 901 1253 971 ὑμένι
1301 903 1677 973 διαπεφράχθαι
1722 906 1803 957 καὶ

105 982 172 1052 μὴ
214 983 311 1054 ὅλῳ
349 989 415 1056 τῷ
455 983 639 1052 σώματι
677 990 856 1053 χιτῶνα
895 991 1217 1053 περικεῖσθαι.
1268 989 1426 1038 καίτοι
1467 987 1549 1037 καὶ
1587 991 1652 1057 τῷ
1685 1003 1800 1053 συμ-
1827 1009 1869 1040 1ο

107 1065 409 1118 πεπτωκέναι
454 1067 537 1118 καὶ
582 1064 635 1118 τὸ
676 1064 829 1133 στόμα
865 1071 951 1119 τοῦ
990 1065 1210 1134 ἐμβρύου
1250 1067 1332 1118 καὶ
1372 1063 1397 1118 ὅ
1439 1064 1696 1128 δακτύλιος
1736 1064 1801 1133 μὴ

105 1147 383 1214 σωζομένης
421 1152 507 1214 τῆς
545 1145 846 1215 εὐρυχωρίας
884 1146 1061 1200 κωλύει
1093 1146 1144 1200 τὸ
1177 1146 1473 1215 βιαζόμενον
1507 1151 1696 1215 εἰσρεῖν.
1750 1147 1803 1201 τὸ

105 1227 159 1280 δὲ
205 1227 324 1281 ὅλον
371 1225 464 1281 οὐκ
510 1229 564 1280 ἕν
609 1233 667 1298 τῇ
707 1226 980 1299 εὐρυχωρία
1033 1235 1120 1282 τοῦ
1158 1231 1329 1297 χορίου
1367 1227 1420 1281 τὸ
1462 1226 1618 1298 ὑγρόν
1658 1231 1803 1295 ἔστιν,

105 1309 159 1361 ἕν
199 1303 238 1382 ᾧ
276 1310 359 1360 καὶ
395 1307 449 1362 τὸ
489 1309 732 1377 ἔμβρυον,
782 1308 886 1362 ἄλλ’
923 1311 978 1361 ἐν
1015 1316 1081 1382 τῷ
1119 1307 1264 1379 πάχει
1302 1315 1388 1363 τοῦ
1428 1313 1624 1378 χορίου,
1674 1317 1809 1363 ποιεῖ

105 1391 158 1443 δὲ
204 1388 359 1444 τόπον
411 1390 568 1462 ἓαυτῶ
613 1387 732 1442 καθ’
788 1387 1079 1458 ὑποφοράν,
1131 1390 1249 1443 ῶστε
1298 1394 1507 1444 διπλοῦν
1545 1394 1803 1460 γίγνεσθαι
1826 1414 1870 1448 15

107 1470 159 1524 τὸ
200 1470 385 1540 χόριον,
425 1469 611 1534 ἔνιάκις
650 1472 717 1524 δὲ·
742 1473 826 1524 καὶ
862 1478 1118 1539 τριπλοῦν,
1172 1470 1236 1523 δι’
1280 1469 1346 1539 ἣν
1385 1474 1544 1524 αἰτίαν
1585 1473 1667 1524 καὶ
1706 1476 1804 1524 τῶν

109 1551 429 1615 ὖπεζωκότων
467 1551 700 1615 πολλάκις
740 1553 986 1621 ῥαγέντων
1026 1554 1109 1604 καὶ
1149 1554 1433 1621 συμμέτρων
1478 1551 1644 1622 ὑγρῶν
1684 1553 1802 1608 ἆπο-

45 1630 48 1631 7
105 1635 378 1701 προθέντων
439 1639 504 1706 τῷ
567 1632 789 1703 δακτύλῳ
852 1638 938 1700 τῆς
992 1637 1137 1700 μαίας
1192 1632 1398 1702 συνεχὴς
1452 1632 1618 1702 ἆκμκὴν
1671 1633 1804 1702 ὑμὴν

107 1713 383 1770 ὕποπίπτει.
462 1716 799 1783 διαιρεθέντος
850 1714 905 1766 δὲ
949 1713 1125 1768 τούτου
1164 1720 1358 1767 πολλῶν
1397 1712 1564 1784 ὑγρῶν
1605 1715 1803 1783 ἆποκρι-

107 1798 300 1850 θέντων
338 1795 611 1850 ἀκολουθεῖ
646 1798 731 1849 καὶ
767 1794 819 1849 τὸ
860 1797 1090 1864 ἔμβρυον.
1169 1795 1288 1864 ’ὅπερ
1336 1799 1394 1849 οἱ
1439 1798 1650 1849 πολλοὶ
1694 1799 1799 1848 δια-
1824 1819 1868 1851 20

106 1877 378 1945 κρούεσθαι
424 1876 720 1945 πειρῶμενοί
764 1894 886 1944 φασι
935 1875 1039 1929 κατ’
1092 1876 1405 1929 ἐπισύστασιν
1450 1874 1697 1930 ὑδατίδων
1743 1875 1802 1929 τὰ

113 1956 571 2026 προεπιφαινόμενα
608 1964 706 2010 τῶν
744 1955 911 2027 ὑγρῶν
949 1961 1425 2026 προαποκρίνεσθαι,
1480 1960 1801 2027 ῥηγνυμένων

108 2040 198 2107 μὲν
237 2045 334 2092 τῶν
372 2037 644 2107 ὖδατίδων,
692 2040 923 2106 μένοντος
963 2041 1017 2092 δὲ
1053 2046 1142 2093 τοῦ
1181 2043 1348 2108 χορίου
1400 2046 1649 2107 συνεχοῦς.
1727 2038 1801 2102 οἷς

103 2122 186 2173 καὶ
223 2119 395 2189 ἡμεῖς
433 2126 748 2192 συνῃνοῦμεν
786 2121 867 2172 ἐπὶ
904 2119 1048 2187 πολύ,
1087 2119 1325 2189 πρότερον
1363 2118 1395 2188 ἢ
1431 2119 1488 2172 τὰ
1521 2119 1800 2188 φαινόμενα

103 2207 159 2272 τῇ
205 2197 432 2254 συστάσει
468 2207 556 2254 τοῦ
595 2199 800 2269 ἆμνειοῦ
838 2198 1019 2268 ὑμένος
1058 2200 1437 2270 μεμαρτύρηκεν.
1820 2223 1863 2256 25

225 2362 246 2404 1'
289 2357 425 2432 μήτε
438 2378 479 2417 γ.
512 2357 820 2418 εὑρίσκεσθαι
853 2360 954 2418 (sic)
995 2373 1018 2404 c
1060 2362 1169 2431 (non
1202 2357 1314 2405 οὔτε
1348 2377 1387 2417 γ.
1422 2356 1713 2424 ευρίσκεται,
1743 2362 1797 2404 ut

103 2420 165 2476 d).
318 2425 343 2464 2
377 2416 429 2464 τὸ
466 2418 639 2465 ελκειν·
672 2421 842 2465 τοῦτον
874 2434 912 2464 c.
1059 2415 1170 2476 γάρε
1204 2418 1258 2469 δὲ
1293 2433 1330 2463 c.
1483 2425 1509 2463 3
1543 2424 1689 2463 εἰναιε
1724 2417 1796 2463 ε’νι

103 2479 265 2553 (sic)c
468 2484 496 2523 4
528 2480 583 2537 τῆ
616 2481 853 2535 συνηθεία
886 2478 986 2535 (sic)
1020 2491 1044 2522 c
1077 2479 1271 2536 (φυσικῇ
1305 2481 1414 2523 ante
1447 2494 1484 2523 σ.
1518 2478 1622 2523 add.
1660 2478 1732 2544 D).

103 2543 129 2583 6
163 2534 391 2594 ἐπίκρισις
423 2553 459 2584 c
645 2544 669 2583 7
701 2536 853 2596 μὴδεν
886 2552 910 2582 c
942 2538 1075 2608 (corr.
1110 2538 1180 2595 E).
1311 2543 1367 2582 10
1398 2538 1587 2582 κίθωνα
1620 2535 1720 2594 (sic)
1756 2551 1792 2580 e.

164 2599 319 2642 καίτοι
350 2595 400 2641 τὸ
435 2613 573 2670 συμπ.
609 2611 646 2642 e.
771 2603 823 2642 11
859 2593 1107 2648 δακτύλιος
1140 2596 1258 2668 (sic)
1269 2612 1292 2642 o
1325 2599 1449 2667 (non
1467 2594 1708 2671 δάκτυλος,
1741 2598 1795 2640 ut

102 2655 165 2713 d).
296 2661 351 2700 12
382 2655 576 2701 κωλύει·
609 2654 841 2701 κωλύεται
874 2671 910 2701 c.
1036 2661 1090 2701 16
1123 2656 1204 2700 καὶ
1236 2652 1580 2710 υπεζωκότος..
1603 2652 1792 2727 ,ῥαγέν-

101 2731 193 2759 των
226 2729 250 2759 c
284 2717 414 2772 (corr.
448 2715 511 2758 E²
540 2731 585 2774 p.
611 2718 699 2773 31).
832 2719 886 2760 18
918 2717 1151 2759 δακτυλίω
1186 2731 1209 2760 0
1242 2717 1373 2771 (corr.
1405 2715 1478 2771 D).
1608 2728 1645 2758 6.
1682 2710 1792 2769 ὑμῖν

102 2770 261 2831 ακμὴν
294 2789 318 2819 c
351 2775 488 2845 (corr.=
516 2775 586 2831 E).
768 2779 823 2819 21
860 2771 918 2819 τὰ
950 2773 1012 2819 D.
1045 2771 1098 2818 τὸ
1133 2789 1170 2819 0.
1355 2778 1412 2818 24
1445 2772 1733 2828 συνενοῦμεν
1768 2785 1792 2815 o

101 2834 232 2890 (corr.
267 2833 337 2890 Ε).
461 2828 490 2890 ἢ
523 2834 627 2879 add.
661 2834 698 2878 E
733 2835 839 2890 (om.
874 2835 930 2890 e)

1434 2934 1523 2978 15*
