2014 3162
711 148 772 154 —
860 118 1109 169 143-

63 249 211 294 ischia
256 248 446 303 vocant,
493 247 604 291 tunc
645 246 833 290 clunum
871 248 1011 302 atque
1042 246 1130 291 sub
1161 246 1384 291 umbilico
1416 249 1673 304 pubetenus
1705 252 1753 294 et

66 306 231 364 capitis
256 308 305 350 et
328 306 567 351 oculorum
592 306 636 350 et
662 305 964 350 articulorum
991 305 1213 359 omnium,
1237 307 1467 351 stomachi
1489 308 1753 353 adtestante

66 367 222 412 dolore
253 364 502 422 pungenti,
550 366 662 409 tunc
694 364 899 421 corporis
929 364 1075 408 totius
1106 363 1306 419 frigidus
1338 365 1520 421 torpor,
1554 366 1752 412 defectio

65 423 229 480 animi,
271 422 524 479 aliquando
566 437 671 467 cum
720 423 989 468 horroribus
1019 422 1162 467 febris
1196 424 1279 466 aut
1310 423 1538 480 singultus
1570 427 1618 469 et
1648 439 1753 481 spa-

63 498 187 534 smus
220 484 267 527 et
297 482 424 527 vocis
458 481 733 540 amputatio.
795 481 834 526 is
866 483 1020 526 autem
1054 495 1172 538 quae
1203 480 1333 525 nullo
1365 482 1552 539 inpulsu
1591 484 1750 528 volun·
1777 493 1798 525 5

62 540 182 589 tario
228 541 548 586 discutiuntur
571 540 829 597 antecedit,
875 542 929 585 nt
972 539 1282 598 Hippocrates
1314 540 1401 595 ait,
1448 555 1755 585 mammarum

63 601 250 646 tabidus
296 613 477 645 marcor
513 600 568 643 ut
607 599 821 657 deposita
858 599 1098 644 inflatione
1143 598 1346 644 residere
1378 599 1624 645 videantur
1657 600 1754 644 sine

63 659 162 704 ulla
191 658 441 703 manifesta
479 659 681 715 ratione,
728 660 783 703 ut
813 660 972 704 autem
1001 658 1188 703 Diocles
1221 661 1472 714 memorat,
1515 659 1659 704 etiam
1689 659 1754 703 fe-

61 732 241 764 morum
287 717 484 774 frigidus
523 719 683 774 torpor
724 718 864 773 atque
906 719 1110 774 gravedo
1157 716 1362 762 insidens
1397 718 1603 775 clunum,
1652 732 1754 762 cum

62 777 294 835 perfectus
325 777 524 821 inminet
556 779 729 834 partus.
1778 786 1820 817 10

830 893 851 935 1

618 965 819 1022 (οη-ωε.
852 898 954 1010 Ξαῗ.3
973 965 1057 1021 Vr,
1088 968 1182 1023 49).

179 1056 295 1100 Post
323 1057 510 1112 partum
542 1068 660 1110 quae
695 1055 765 1098 est
797 1053 1044 1111 diligentia
1074 1053 1370 1099 adhibenda?

179 1129 288 1160 mox
326 1116 381 1158 ut
418 1112 625 1171 peperit,
672 1114 856 1180 oportet
894 1113 1102 1170 spongiis
1150 1127 1275 1170 aqua
1319 1113 1481 1170 tepida
1528 1115 1756 1171 expressis

0 1210 1 1231 2
62 1175 169 1220 loca
217 1174 472 1231 detergere.
534 1174 647 1217 tune
684 1173 888 1217 iubenda
919 1175 991 1217 est
1022 1185 1046 1216 e
1081 1172 1303 1217 cathedra
1341 1173 1536 1218 celerius
1568 1188 1757 1231 surgere

62 1247 122 1279 ne
140 1231 314 1291 frigore
339 1234 565 1288 concepto
589 1231 759 1275 matrix
775 1233 981 1286 vexetur,
1006 1245 1127 1287 aqua
1150 1231 1264 1276 item
1288 1230 1486 1291 (tepida.
1506 1232 1757 1292 expressa>

62 1291 217 1337 mollis
241 1292 440 1348 spongia
455 1292 551 1335 sive
567 1291 679 1334 lana
703 1292 785 1335 aut
814 1291 937 1335 latus
967 1304 1148 1347 pannus
1179 1290 1308 1334 fibris
1340 1294 1448 1335 sunt
1475 1291 1755 1348 inponenda,
1781 1298 1823 1331 15

61 1353 116 1396 ut
155 1350 278 1408 lapsi
316 1350 485 1395 fluores
517 1348 820 1406 excipiantur.
881 1352 993 1393 tunc
1025 1350 1212 1393 clunum
1244 1351 1292 1393 et
1321 1351 1580 1406 pubetenus
1611 1364 1756 1406 usque

65 1411 126 1455 ad
164 1409 440 1454 umbilicum
476 1409 587 1453 lana
624 1409 798 1452 munda
835 1409 942 1453 loca
981 1409 1088 1451 sunt
1119 1408 1423 1465 contegenda.
1485 1411 1536 1453 at
1565 1408 1605 1453 si
1634 1409 1756 1454 forte

65 1467 225 1525 aliqua
254 1467 397 1512 fuerit
427 1470 585 1512 secuta
617 1467 674 1512 de
705 1469 845 1523 partu
878 1466 1131 1523 quassatio,
1165 1469 1302 1511 erunt
1325 1468 1428 1512 oleo
1453 1467 1579 1512 dulci
1602 1467 1755 1512 calido

63 1528 200 1573 lanae
246 1527 501 1584 tingendae
548 1528 596 1571 et
636 1526 702 1569 sic
741 1525 858 1571 locis
898 1525 1163 1570 dolentibus
1193 1525 1498 1583 inponendae.
1561 1527 1685 1582 quod
1718 1526 1758 1570 si

66 1587 223 1632 oleum
269 1600 362 1631 non
404 1586 477 1641 sit,
517 1585 810 1642 axungia...
855 1584 1003 1642 pelles
1044 1585 1278 1629 exsolatae
1310 1587 1419 1629 sunt
1448 1585 1756 1642 inponendae.
1781 1592 1823 1624 20

62 1646 194 1690 locus
244 1658 355 1690 vero
401 1645 452 1689 in
489 1658 579 1700 quo
626 1645 782 1689 iaceat
826 1642 1123 1688 mediocriter
1161 1643 1340 1688 calidus
1387 1645 1457 1689 est
1502 1644 1756 1701 eligendus.

63 1719 204 1762 quam
235 1705 424 1761 oportet
452 1703 605 1747 iacere
629 1717 723 1748 non
745 1703 918 1747 iunctis
941 1702 1208 1756 femoribus,
1239 1705 1293 1747 ut
1307 1702 1506 1747 materia
1521 1703 1688 1748 fluens.
1709 1740 1717 1748 .
1738 1738 1748 1748 .

65 1777 150 1809 nec
186 1763 284 1808 eius
315 1762 466 1807 exitus
497 1765 723 1807 arceatur.
785 1762 865 1806 sed
896 1775 982 1806 nec
1013 1761 1125 1805 satis
1157 1761 1449 1816 distantibus,
1493 1775 1552 1805 ne
1582 1761 1757 1818 frigore

65 1824 224 1880 partes
253 1822 392 1867 facile
424 1822 738 1879 penetrentur.
787 1822 930 1877 atque
959 1820 1030 1864 ita
1061 1820 1288 1864 obstetrix
1311 1820 1484 1878 iugiter
1506 1821 1757 1865 demutatis

67 1882 235 1939 pannis
266 1881 588 1937 pudendorum
619 1880 781 1925 foveat
809 1879 928 1935 loca,
962 1879 1174 1923 adhibita
1203 1879 1362 1935 requie
1395 1881 1444 1924 et
1473 1879 1757 1924 abstinentia
1781 1887 1823 1919 25

68 1940 183 1996 cibi,
223 1943 277 1984 ut
314 1940 363 1984 in
403 1939 567 1984 ceteris
611 1938 771 1984 causis.
833 1941 882 1983 et
921 1940 976 1982 ut
1005 1937 1128 1982 vires
1160 1939 1342 1995 egerint
1372 1940 1443 1983 est
1472 1938 1760 1995 resumenda,

69 2001 210 2044 tertia
241 2012 425 2055 quoque
458 1997 533 2043 die
565 1998 790 2043 sessiones
821 2011 877 2042 ex
909 2010 1032 2054 aqua
1060 1996 1223 2054 tepida
1256 1998 1338 2042 aut
1361 2011 1416 2042 ex
1439 1998 1542 2042 oleo
1567 1999 1615 2042 et
1637 2010 1760 2053 aqua

66 2058 198 2113 fiant,
249 2060 296 2102 et
325 2059 479 2102 totum
511 2071 675 2114 corpus
708 2057 811 2101 oleo
845 2058 916 2101 est
946 2056 1328 2113 perunguendum
1360 2058 1500 2112 atque
1530 2056 1600 2101 ita
1630 2056 1759 2100 cibus

68 2116 346 2175 digestibilis
379 2116 572 2161 dandus.
635 2115 710 2160 die
750 2129 859 2161 vero
893 2115 1056 2172 quinta
1087 2115 1149 2160 ad
1178 2115 1399 2160 balneum
1431 2114 1648 2160 convenit
1677 2115 1757 2170 ire,

69 2177 118 2221 et
147 2176 213 2221 sic
245 2176 342 2221 vini
374 2175 484 2221 dare
515 2174 755 2232 potionem
787 2176 835 2219 et
864 2175 1020 2219 varios
1051 2187 1106 2218 ac
1142 2173 1432 2232 digestibiles
1465 2174 1591 2218 cibos
1621 2173 1757 2218 mini-
1783 2182 1824 2214 30

67 2236 228 2280 strare.

69 2381 198 2428 Neue
229 2383 277 2438 Ι,
301 2384 428 2440 287).
576 2387 598 2426 1
635 2379 779 2439 ἰσχίαε
813 2379 940 2425 scian
972 2394 1007 2426 c.
1142 2385 1168 2423 3
1199 2379 1438 2436 pungendi
1468 2393 1505 2424 0.
1633 2384 1661 2422 4
1693 2378 1758 2422 fe-

65 2441 172 2487 bres
200 2456 236 2487 c.
384 2447 410 2486 5
443 2443 517 2486 his
547 2455 584 2486 c.
745 2445 769 2485 '7
801 2438 1168 2484 inflammatione
1200 2452 1236 2484 0.
1406 2443 1461 2482 14
1492 2451 1614 2494 aqua
1643 2437 1759 2482 item

69 2499 265 2560 <tepida
296 2499 576 2560 expressa?>
607 2514 631 2544 c
662 2501 709 2557 (i.
736 2513 770 2544 e.
803 2499 902 2553 Aa,
933 2498 1018 2544 ubi
1049 2499 1188 2554 atque
1219 2497 1290 2542 ita
1319 2497 1424 2555 La).
1574 2501 1628 2540 15
1658 2496 1758 2540 fim-

70 2558 168 2604 bris
199 2573 223 2604 0
255 2560 330 2616 (cf.
367 2559 484 2605 Cael.
510 2574 561 2616 p.
588 2561 712 2615 251).
853 2562 906 2602 19
941 2557 984 2601 d.
1015 2559 1127 2601 sunt
1156 2555 1251 2614 inp.
1285 2570 1320 2602 c.
1442 2561 1499 2600 20
1532 2555 1758 2611 exungiae

57 2617 212 2674 ,pellis
245 2618 469 2664 exsallate
500 2621 610 2663 sunt
639 2617 732 2675 inp.
766 2631 802 2662 c.
956 2621 1010 2660 21
1052 2614 1167 2660 iacit
1197 2630 1231 2661 0.
1384 2620 1440 2659 22
1480 2615 1534 2659 ut
1562 2614 1760 2658 materia

70 2676 219 2721 fluens
249 2692 308 2722 ne
340 2679 438 2723 eius
470 2678 621 2722 exitus
653 2691 694 2722 a.
727 2690 763 2722 c.
894 2681 951 2720 24
983 2677 1125 2731 atque
1156 2674 1224 2719 ita
1258 2676 1337 2731 (?):
1368 2673 1512 2718 Adita
1542 2687 1577 2718 c.
1701 2677 1755 2715 25

72 2734 283 2781 adhibita
314 2736 420 2782 loca
449 2736 638 2793 requiae
671 2750 706 2782 e.
828 2739 885 2780 28
918 2749 955 2780 0.
989 2736 1060 2779 est
1090 2733 1307 2790 digestib.
1344 2746 1379 2778 0.
