2014 3162
762 81 1132 134 -87-

688 273 691 275 A
725 238 866 295 (vm.
908 237 1168 295 PARTVS)

218 360 301 413 19.
336 363 387 412 Si
420 362 588 412 ambos
620 363 772 427 pedes
806 363 927 412 foris
959 363 1163 412 eiecerit
1194 369 1244 411 et
1267 377 1443 412 manus
1468 378 1618 429 super
1643 371 1790 430 caput

105 442 357 487 contortas
395 436 638 501 habuerit,
679 436 797 502 quid
836 433 1110 486 faciemus?

214 510 405 560 duabus
458 510 686 560 manibus
733 512 836 560 suis
887 510 1131 559 obstetrix
1169 509 1456 573 inguinibus
1503 511 1689 573 infixiS,
1739 513 1791 560 in

103 599 275 635 susum
315 599 429 634 eum
468 584 673 650 repellat
713 592 762 634 et
800 586 1111 650 conpositum
1151 585 1282 633 siout
1320 583 1420 633 dixi
1459 584 1590 633 foras
1634 586 1791 642 eiciat,

725 711 885 769 (Vim.
919 711 1183 768 PARTVS)

213 833 308 958 20}
348 834 400 884 Si
440 835 607 885 divisis
646 834 855 900 pedibus
895 834 1086 884 duabus
1124 818 1348 901 partibus
1387 835 1555 885 vulvae
1600 835 1790 901 plantas
1814 844 1835 878 5

103 909 187 958 infi
224 916 273 958 at

191 924 407 1032 ginmissa
445 997 595 1032 manu
634 997 722 1032 sua
762 981 1001 1031 obstetrix
1042 997 1126 1031 eos
1165 984 1335 1047 iungat
1375 990 1423 1033 et
1455 983 1514 1032 ad
1547 984 1790 1033 orificium

102 1058 322 1106 matricis
362 1064 609 1122 conponat
648 1063 699 1105 et
737 1057 809 1105 sio
850 1071 935 1105 eos
975 1056 1096 1106 foris
1137 1056 1360 1107 adducat.

770 1183 841 1239 (x.
874 1182 1129 1239 PARTVS)

213 1305 298 1357 21.
364 1306 416 1356 Si
462 1322 621 1372 genua
668 1307 941 1356 ostenderit
986 1314 1035 1356 et
1086 1309 1157 1356 sio
1198 1309 1331 1356 exire
1373 1315 1578 1358 conatus
1626 1308 1791 1370 fuerit,

107 1382 225 1446 quid
264 1378 542 1431 faciemus?
1815 1390 1858 1422 1⁰

213 1461 465 1505 retrorsus
515 1453 831 1520 repellendus
871 1461 948 1504 est
987 1461 1036 1504 et
1074 1457 1312 1504 correctis
1353 1454 1561 1520 pedibus
1601 1457 1671 1504 sic
1711 1455 1790 1504 ad-

103 1528 361 1578 ducendus
401 1536 476 1578 est
516 1529 650 1577 foris,

754 1655 848 1710 (xi.
882 1653 1135 1711 PARTvs)

213 1777 298 1830 22.
340 1778 420 1843 [Si
457 1794 574 1828 vero
614 1780 666 1828 in
705 1781 892 1828 natioas
933 1776 1110 1829 sedet?

214 1853 455 1903 obstetrix
508 1868 707 1902 manum
746 1853 917 1918 infigat
957 1859 1006 1902 et
1045 1859 1180 1902 retro
1220 1854 1457 1903 infantem
1499 1853 1703 1919 repellat
1742 1862 1791 1903 et

104 1929 343 1977 correctis
377 1926 603 1976 manibus
643 1942 700 1976 ao
738 1926 947 1992 pedibus
987 1926 1235 1991 adducat]
1815 1935 1856 1968 15

742 2070 860 2126 (xii.
891 2068 1151 2127 PARTVS)

103 2218 140 2263 Ζ·
171 2217 296 2262 foras
329 2217 437 2274 (hic)
471 2218 549 2262 bh.
698 2222 722 2261 1
757 2217 807 2262 Si
835 2231 946 2262 vero
976 2231 1018 2262 a.
1050 2218 1092 2263 h.
1229 2216 1354 2261 foras
1385 2217 1428 2262 h.
1551 2218 1599 2261 et.
1628 2229 1790 2260 manus

103 2301 159 2310 —
184 2276 402 2321 habuerit
431 2277 448 2321 Ζ
481 2276 601 2333 (Sor.
625 2280 737 2330 284,
754 2278 822 2345 4)3
855 2290 938 2322 om.
973 2277 1049 2322 bh.
1173 2281 1199 2321 3
1231 2274 1478 2332 ingenibus
1503 2276 1530 2320 b
1563 2277 1675 2332 (non
1706 2276 1789 2331 lh).

191 2335 401 2380 insusum
432 2336 482 2380 b·
530 2350 688 2380 susum
717 2337 768 2389 h,
806 2335 1039 2381 insursum
1072 2337 1102 2381 Ζ.
1281 2339 1310 2378 4
1340 2334 1465 2380 foras
1497 2333 1637 2379 eiciat
1667 2337 1792 2390 (eum

103 2395 211 2440 add.
230 2396 274 2451 b)
307 2395 392 2440 bh.
423 2394 537 2440 foris
570 2408 676 2439 eum
707 2395 911 2440 adducat
942 2397 969 2440 Ζ.
1093 2399 1119 2439 6
1151 2393 1264 2450 quid
1293 2393 1519 2439 faciemus
1551 2394 1658 2438 add
1689 2394 1731 2438 h.

105 2458 132 2499 8
165 2455 213 2498 eb
237 2479 290 2486 —
316 2453 519 2499 adducat
549 2455 622 2499 bl:
655 2467 738 2499 om.
770 2455 814 2499 h.
868 2455 949 2499 hoc
980 2455 1074 2499 loco
1104 2455 1227 2498 solus
1259 2454 1274 2497 Ζ
1304 2454 1437 2498 addit
1466 2454 1594 2498 haec.
1629 2451 1792 2496 CLVII

105 2511 158 2558 Si
189 2514 331 2570 caput.
359 2514 676 2558 transversum
707 2514 790 2558 aut
818 2515 995 2558 tortum
1027 2512 1215 2558 habeat.
1262 2511 1457 2557 inmissa
1486 2525 1627 2556 manu
1660 2511 1791 2555 obse·

101 2570 196 2616 trix
235 2572 453 2628 corrigat.
525 2575 573 2618 et
613 2573 672 2617 ad
710 2571 916 2617 humeris
949 2571 1333 2629 comprehensum
1364 2570 1595 2615 infantem
1625 2569 1793 2614 leviter

103 2629 264 2675 trahat
292 2629 470 2676 inferis,
526 2645 585 2676 ne
615 2631 786 2676 matrix
815 2632 918 2689 ipsa
948 2632 1194 2688 quassetur
1225 2634 1357 2687 (quae
1386 2631 1550 2675 desumt
1579 2630 1632 2674 in
1662 2641 1791 2685 qrae-

103 2687 200 2744 cis).
253 2691 311 2744 cf.
342 2691 516 2735 schema
550 2691 639 2734 XI
680 2705 755 2747 ap.
787 2691 936 2736 Eueh.
968 2691 1116 2735 Rhod.
1373 2690 1413 2733 si
1443 2704 1488 2746 g.
1521 2689 1610 2732 hoc
1643 2689 1790 2732 osten-

105 2747 227 2793 derit
256 2750 356 2806 (sic)
387 2750 430 2795 h.
577 2754 630 2793 11
663 2763 745 2806 rep
749 2749 918 2795 ellatur
948 2751 977 2795 Ζ.
1119 2748 1204 2793 sic:
1237 2748 1335 2792 eius
1367 2748 1433 2793 sio
1465 2748 1494 2793 Ζ.
1619 2749 1789 2791 13-15

104 2807 226 2852 solus
247 2809 437 2863 praebet
467 2809 497 2854 h
528 2810 603 2866 (=
628 2808 729 2854 Sor.
754 2812 867 2863 284,
890 2811 991 2866 10):
1024 2822 1106 2854 om.
1140 2808 1204 2852 bl.
