2014 3162
871 108 1268 160 —266—

333 239 486 308 ὀσμῆς
524 241 591 293 δέ.
639 237 699 293 οὐ
737 238 829 309 γὰρ
870 243 951 292 δεῖ
982 243 1204 302 δυσῶδες
1241 237 1271 307 ἢ
1312 244 1576 308 βρωμῶδες
1605 239 1636 309 ἢ
1669 245 1912 310 τρυγῶδες

219 318 252 389 ’ἢ
292 319 453 384 ὀξίζον
490 318 740 389 ὑπάρχειν.
817 327 920 374 πᾶν
958 319 1051 390 γὰρ
1089 319 1142 374 τὸ
1185 326 1409 374 τοιοῦτον
1446 321 1741 391 κακόχυμον.

333 401 606 465 συστάσεως
638 403 715 468 δέ,
750 405 791 455 εἰ
813 409 945 455 λεῖον
974 403 1058 454 καὶ
1091 399 1275 469 ὁμαλὸν
1305 403 1391 454 καὶ
1419 403 1617 471 συνεχὲς
1650 404 1818 476 ἑαυτῷ.
1857 402 1910 456 τὰ

219 481 312 552 γὰρ
336 486 510 546 ἰνῶδες
533 484 616 535 καὶ
641 481 901 548 διαφύσεις
925 484 1037 550 ἕχον
1061 481 1278 550 ἐρυθρὰς
1303 480 1335 549 ἢ
1363 486 1662 550 σαρκοειδεῖς
1678 483 1910 537 ἄπεπτον.

174 586 196 620 5
331 562 523 631 πήξεως
564 563 616 615 δὲ
654 564 737 614 καὶ
775 561 1067 630 παχύτητος,
1107 565 1150 615 εἰ
1187 563 1514 632 μετριοπαγὲς.
1591 562 1643 616 τὸ
1684 564 1773 630 μὲν
1818 563 1911 634 γὰρ

219 642 373 713 ὑγρὸν
418 646 501 696 καὶ
546 642 829 711 λεπτότερον
875 645 956 696 καὶ
1003 642 1182 712 ὑδαρὲς
1231 643 1451 712 ἄτροφον
1489 646 1571 696 καὶ
1608 648 1796 707 κοιλίας
1833 646 1911 697 ἕκ-

218 723 528 792 ταρακτικόν,
578 723 631 777 τὸ
683 725 736 777 δὲ
789 723 920 792 παχὺ
973 726 1057 777 καὶ
1107 728 1321 792 τυρῶδες
1368 726 1783 795 δυσκατέργαστον
1829 727 1911 778 καὶ

219 804 393 872 ὅμοιον
442 813 543 869 τοῖς
597 804 920 874 ἆδρατότερον
974 807 1329 874 μεμασημένοις
1385 810 1552 869 σιτίοις
1616 805 1913 875 ἆποφράττει

218 885 334 950 τοὺς
370 885 558 956 πόρους
596 889 679 940 καὶ
717 885 802 950 τὰς
839 884 1142 955 κυριωτάτας
1179 893 1265 940 τοῦ
1306 886 1530 954 σώματος
1568 889 1769 956 κατέχον
1809 891 1912 941 δια-

154 989 195 1021 10
219 966 378 1030 πνοὰς
414 966 499 1021 τὸν
536 970 647 1036 περὶ
683 973 771 1022 τοῦ
811 971 901 1035 ζῆν
929 971 1170 1021 κίνδυνον
1209 966 1390 1037 ἐπάγει.
1459 966 1511 1026 τὸ
1553 969 1606 1020 δὲ
1645 967 1911 1035 ἀνώμαλον

218 1050 301 1101 καὶ
338 1047 429 1116 τὴν
469 1047 534 1112 ὥς
572 1054 748 1102 λεπτοῦ
787 1050 868 1101 καὶ
899 1047 989 1116 τὴν
1022 1046 1089 1112 ὦς
1119 1049 1298 1116 παχέος
1327 1047 1672 1112 κατασκευάζει
1704 1048 1932 1118 βλάβην.«

220 1130 611 1199 γνωρισθήσεται
658 1131 711 1182 δὲ
754 1128 807 1182 τὸ
856 1130 1170 1198 μετριοπαγὲς
1217 1127 1302 1181 διὰ
1347 1135 1435 1182 τοῦ
1481 1130 1735 1199 ἐπισταγὲν
1789 1129 1907 1183 αὐτὸ

219 1209 362 1279 ὄνυχι
413 1209 444 1279 ἢ
502 1210 670 1282 φύλλῳ
726 1209 924 1277 δάφνης
977 1208 1009 1277 ἢ
1068 1210 1197 1281 ἄλλῳ
1250 1233 1345 1262 τινι
1397 1214 1749 1278 παραπλησίως
1800 1215 1910 1281 λείῳ

218 1290 389 1363 πρᾴως
434 1297 780 1358 πλατυνθῆναι
825 1293 909 1344 καὶ
957 1290 1118 1360 ὥσπερ
1173 1292 1228 1343 ἐν
1276 1296 1342 1364 τῷ
1394 1289 1526 1364 αὐτῷ
1580 1290 1912 1359 σαλευόμενον

151 1392 194 1424 15
219 1378 379 1438 μεῖναι
418 1371 636 1441 σχήματι.
712 1370 764 1425 τὸ
806 1373 895 1440 μὲν
940 1370 1034 1441 γὰρ
1081 1370 1270 1434 εὐθέως
1317 1369 1562 1440 ἀπορρέον
1610 1370 1814 1440 ὗδαρές,
1859 1371 1912 1426 τὸ

219 1453 272 1504 δὲ
319 1457 624 1521 μελιτοειδῶς
674 1453 953 1521 συστραφὲν
1005 1454 1087 1506 καὶ
1142 1453 1292 1520 μένον
1345 1450 1579 1520 ἀκίνητον
1624 1452 1771 1522 παχύ.
1855 1451 1908 1506 τὸ

219 1531 335 1587 αὐτὸ
378 1534 431 1586 δὲ
470 1533 890 1603 καταλαμβάνεται
925 1536 1008 1587 καὶ
1039 1535 1093 1586 ἐκ
1123 1539 1210 1587 τοῦ
1242 1531 1363 1586 κατὰ
1397 1536 1712 1597 διπλασίονος
1735 1533 1914 1597 ὕδατος

220 1611 469 1678 ἕπιστάξαι
515 1614 568 1668 τὸ
606 1614 730 1684 γάλα
769 1616 852 1667 καὶ
889 1613 1012 1683 πρὸς
1051 1613 1216 1684 ὀλίγον
1257 1612 1376 1667 αὐτὸ
1417 1618 1674 1682 διαμεῖναν
1711 1614 1914 1684 ὕστερον

219 1698 536 1763 διαλυθῆναι,
577 1694 753 1749 λευκὸν
793 1696 847 1748 δὲ
887 1699 955 1759 εἰς
994 1698 1194 1764 ἔσχατον
1235 1698 1658 1764 διαφυλαχθῆναι.
1730 1695 1783 1750 τὸ
1823 1697 1912 1764 μὲν

154 1798 198 1830 20
222 1774 315 1845 γὰρ
355 1774 543 1839 εὐθέως
583 1775 908 1844 διαλυόμενον
946 1774 1150 1845 ὑδαρές,
1198 1781 1396 1843 φαῦλον
1436 1777 1490 1828 δὲ
1529 1781 1713 1844 μᾶλλον
1752 1779 1795 1829 εἰ
1831 1778 1913 1831 καὶ

219 1861 288 1920 εἰς
341 1856 535 1919 ἰνώδεις
590 1856 851 1911 ἆναλύοιτο
907 1856 1148 1925 κτηδόνας
1207 1858 1360 1910 οἱονεὶ
1415 1855 1684 1925 ἆπόπλυμα
1737 1864 1911 1925 κρεῶν,
1985 1865 1989 1884 ¹

217 1944 357 1992 τοῦτο
407 1938 460 1990 δὲ
505 1940 588 1990 καὶ
634 1938 865 1991 ἄπεπτον.
949 1937 1001 1992 τὸ
1057 1938 1110 1991 δὲ
1165 1939 1302 2006 μέχρι
1348 1941 1572 2001 πλείονος
1617 1936 1798 2006 χρόνου
1845 1937 1912 2006 μὴ
1985 1950 1988 1979 2³

219 2017 600 2088 σκορπιζόμενον
638 2020 719 2071 καὶ
758 2017 1082 2087 ὑφιζόμενον,
1135 2018 1255 2071 ὥστε
1293 2017 1379 2072 τοῦ
1419 2017 1599 2082 ὕδατος
1637 2017 1915 2087 ἆποχυθέν-
1979 2038 1988 2051 's

216 2122 298 2163 τος
344 2097 612 2168 εὑρεθῆναι
658 2101 768 2168 περὶ
813 2106 878 2172 τῷ
926 2101 1172 2167 πυθμένι,
1227 2103 1441 2167 τυρῶδες
1487 2098 1618 2167 παχὺ
1665 2101 1748 2152 καὶ
1795 2102 1914 2152 δυσ·
1978 2153 1988 2174 f

148 2201 194 2234 25
219 2179 463 2234 διάλυτον.
1986 2241 1987 2244 ¹

330 2260 413 2314 διὰ
460 2261 515 2314 δὲ
561 2267 647 2329 τῆς
693 2260 816 2330 πρὸς
861 2261 952 2330 τὴν
997 2268 1165 2332 γεῦσιν
1211 2260 1490 2329 ποιότητος,
1545 2263 1589 2312 εἰ
1632 2258 1786 2329 γλυκὺ
1830 2261 1910 2312 καὶ
1980 2259 1988 2277 ‘³

219 2347 473 2411 στομῶδες.
535 2342 588 2398 τὸ
628 2343 721 2414 γὰρ
760 2342 1008 2412 ὗπόδριμυ
1046 2341 1080 2411 ἢ
1122 2342 1284 2407 ὀξίζον
1316 2340 1344 2410 ἢ
1378 2338 1616 2411 πικρὸνῆ
1650 2339 1912 2408 ἁλμυρίζον

340 2493 362 2531 1
397 2484 533 2558 χάριν
563 2490 672 2545 post
703 2486 756 2533 δὲ
791 2503 814 2532 c
850 2488 956 2545 (del.
976 2488 1048 2544 E).
1150 2492 1176 2531 2
1209 2482 1237 2544 ἢ
1271 2488 1396 2543 (ante
1429 2483 1594 2540 ὀξίζων
1627 2485 1710 2541 sic)
1744 2499 1767 2529 ο
1801 2487 1907 2541 (om.
1958 2519 1960 2522 ,

217 2546 281 2603 d).
425 2544 657 2604 υπάρχειν
691 2561 779 2593 om.
815 2561 838 2591 c
871 2547 995 2602 (add.
1029 2546 1100 2603 E).
1233 2551 1259 2590 3
1293 2545 1337 2590 εἰ
1366 2559 1453 2589 om.
1489 2559 1526 2588 0.
1651 2549 1676 2588 ‘1
1707 2545 1912 2614 τυρῶδες

217 2604 293 2662 (cf.
328 2605 429 2651 Gal.
463 2605 542 2662 VI,
567 2607 692 2661 687):
740 2622 797 2650 τα
801 2607 950 2662 γῶδες
981 2619 1017 2649 c.
1203 2610 1228 2650 8
1269 2600 1608 2675 άδρατότερονε
1652 2598 1910 2660 ἁδρότερον

218 2664 320 2721 (sic)
353 2678 390 2710 c.
528 2669 581 2708 12
615 2662 668 2709 δὲ
702 2678 792 2709 om.
824 2679 848 2708 c
882 2664 1005 2722 (add.
1039 2663 1107 2719 E).
1235 2667 1289 2708 15
1320 2680 1411 2720 γαρ
1444 2676 1532 2707 om.
1567 2676 1591 2707 o
1622 2662 1747 2718 (add.
1779 2660 1850 2718 Ε)

222 2728 277 2768 16
309 2722 391 2768 καὶ
423 2720 565 2779 μένον
597 2722 657 2767 E:
691 2725 910 2781 κείμενον
943 2736 980 2766 c.
1167 2727 1221 2767 19
1255 2718 1318 2773 ὥς
1350 2719 1548 2778 ἐσχάτου
1584 2720 1685 2777 (sic)
1718 2734 1742 2765 ο
1775 2722 1907 2777 (corr.
1965 2779 1983 2786 -

217 2783 290 2838 D).
414 2782 747 2853 διαφυλαχθέν
779 2796 816 2827 o.
934 2786 994 2833 21
1033 2777 1288 2825 αναλύοιτο
1321 2780 1421 2851 (sic)
1456 2795 1479 2826 c
1514 2782 1694 2838 (καταλ,
1728 2792 1813 2823 err.
1846 2778 1907 2836 d).

279 2839 516 2898 κτηδόνας
546 2840 602 2885 E:
636 2830 954 2899 κοτυληδόνας
987 2855 1023 2886 c.
1148 2845 1204 2884 23
1237 2836 1530 2897 υφιζάμενον
1564 2853 1599 2884 c.
