2014 3162
876 114 1277 167 —208—

233 255 403 314 ρεῖται,
458 246 509 301 τὸ
559 245 604 299 δ’
650 245 960 300 ἐλαττωτικὸν
1007 245 1096 314 οὐχ
1143 243 1384 314 ὑγιεινόν,
1440 243 1558 298 οὐδὲ
1605 243 1635 313 ἡ
1677 242 1920 313 σύλληψις

232 326 434 396 ὑγιεινή.
498 326 570 386 ὅτι
610 328 663 380 δὲ
700 325 790 395 τὴν
831 325 1073 395 ἀτροφίαν
1111 327 1194 379 καὶ
1224 325 1314 394 τὴν
1345 325 1547 380 ἀτονίαν
1573 328 1654 379 καὶ
1685 325 1738 380 τὸ
1761 347 1920 394 προω-

234 406 434 476 ρότερον
481 414 690 476 γηρᾶσαι
737 411 793 460 αἱ
832 407 1032 475 κυήσεις
1079 406 1366 460 ἀποτελοῦσι
1411 404 1662 475 πρόδηλον
1701 407 1790 475 μὲν
1826 405 1921 462 κᾶκ

233 495 330 542 τῶν
376 491 618 559 ἐναργῶν,
667 491 734 542 ἔτι
773 489 827 542 δὲ
864 491 947 542 καὶ
987 491 1039 541 ἐκ
1076 494 1161 556 τῆς
1199 486 1322 556 πρὸς
1361 486 1450 556 τὴν
1487 495 1582 558 γῆν
1622 487 1921 557 ὁμοιότητος,
1987 544 1991 548 ,

191 596 211 629 5
234 571 340 639 ἥτις
394 572 473 623 ἐπὶ
518 576 750 624 τοσοῦτον
797 571 1114 632 έξαναλοῦται
1161 568 1285 637 πρὸς
1330 567 1417 632 τὰς
1463 567 1761 637 ἐπαλλήλους
1810 591 1923 639 καρ-

233 655 468 721 πογονίας
517 650 636 703 ὥστε
683 648 747 719 μὴ
799 649 1051 703 δύνασθαι
1096 649 1211 713 τοὺς
1257 649 1476 718 καρποὺς
1514 648 1618 702 κατ’
1663 651 1767 714 ἔτος
1805 649 1922 704 ἆνα-

235 734 416 802 φέρειν.

596 884 696 931 XII
739 883 883 932 Τίνα
923 887 1137 947 σημεῖα
1176 877 1542 946 συλλήψεως.

346 1005 431 1052 43.
494 997 563 1050 Ἡ
606 997 847 1066 σύλληψις
894 996 1170 1065 ὠνόμασται
1217 997 1305 1064 μὲν
1344 994 1559 1050 ἀπὸτοῦ
1600 994 1921 1065 συγκράτησις

170 1104 212 1136 10
235 1077 359 1132 εἶναι
397 1086 484 1133 τοῦ
524 1081 808 1149 σπέρματος,
860 1086 1071 1132 καλεῖται
1113 1078 1166 1130 δὲ
1204 1077 1379 1146 κύησις
1418 1076 1551 1145 παρὰ
1591 1075 1643 1129 τὸ
1683 1075 1922 1144 κεύθησις

234 1159 360 1214 εἶναι
397 1159 523 1214 τοῦτ’
573 1163 701 1213 ε’στιν
739 1159 1037 1228 ἆπόκρυψις.
1113 1156 1166 1211 τὸ
1205 1157 1298 1227 γὰρ
1338 1157 1539 1211 κεύθειν
1578 1159 1675 1210 ε’στι
1711 1156 1764 1210 τὸ
1805 1155 1919 1225 κρύ-

234 1262 368 1294 πτειν
407 1243 490 1294 καὶ
528 1240 581 1295 τὸ
622 1244 676 1294 ἐν
714 1247 770 1312 τῇ
802 1240 958 1312 μήτρα
991 1239 1044 1292 δὲ
1077 1241 1461 1307 συνειλημμένον
1492 1237 1763 1308 κρύπτεται.
1814 1238 1919 1291 κατ’

234 1324 432 1375 ε’ννοιαν
485 1323 538 1375 δὲ
591 1322 832 1391 σύλληψίς
883 1324 980 1374 ἔστι
1025 1338 1255 1389 κρατησις
1301 1322 1534 1388 ἐπίμονος
1581 1321 1850 1388 σπέρματος
1887 1311 1920 1387 ηι

235 1401 512 1471 ἕμβρύου
490 1403 522 1471 η’
564 1403 793 1473 ἐμβρύων
831 1426 862 1471 η
909 1404 963 1455 έν
1001 1400 1175 1473 υστέρα
1215 1398 1297 1453 δια
1337 1400 1556 1469 φυσικὴν
1595 1403 1766 1453 αἰτίαν.
1806 1422 1924 1468 κρα-
1960 1458 1963 1459 ⁷

169 1509 212 1541 15
235 1504 369 1554 τησις
416 1485 527 1552 μέν,
565 1482 745 1552 κατοχὴ
792 1483 885 1553 γάρ
923 1485 1050 1536 ε’στιν
1089 1480 1120 1551 ἡ
1166 1481 1416 1550 σύλληψις.
1481 1482 1711 1549 ἐπίμονος
1750 1481 1804 1534 δὲ
1843 1479 1926 1533 διὰ

233 1565 286 1620 τὸ
343 1570 543 1635 σχεδίως
598 1564 780 1628 ἕνιοῖκις
832 1571 1117 1633 κρατεῖσθαι
1168 1561 1221 1615 τὸ
1277 1563 1464 1631 σπέρμα
1517 1564 1599 1615 καὶ
1652 1566 1926 1631 παραυτίκα·

234 1646 383 1701 πάλιν
409 1645 766 1713 ἆποπτύεσθαι,
797 1645 849 1699 τὸ
885 1645 937 1697 δὲ
969 1650 1190 1698 τοιοῦτον
1222 1642 1287 1711 μὴ
1322 1641 1448 1696 εἶναι
1479 1642 1738 1712 σύλληψιν.
1787 1643 1924 1711 σπέρ-

235 1750 383 1796 ματος
431 1728 484 1780 δὲ
531 1725 563 1794 ἢ
612 1725 854 1795 ἕμβρύου,
903 1724 975 1779 ὅτι
1013 1723 1134 1778 κατα
1174 1724 1263 1791 μὲν
1300 1723 1415 1787 τοὺς
1454 1723 1677 1793 πρώτους
1714 1723 1927 1793 χρόνους

236 1807 313 1861 Ιὅτε
349 1805 512 1875 ἀκμὴν
545 1803 884 1869 ἆὸιατύπωτός
915 1807 1044 1859 ἐστιν
1076 1804 1101 1859 ὁ
1134 1805 1296 1875 γόνος,
1328 1803 1359 1873 ἡ
1392 1804 1634 1873 σύλληψις
1658 1806 1927 1872 σπέρματος

171 1914 213 1946 20
236 1885 464 1957 ὑπάρχει,
520 1887 635 1954 μετὰ
684 1888 736 1940 δὲ
783 1885 896 1950 τοὺς
942 1885 1167 1954 πρώτους
1214 1884 1424 1954 χρόνους
1461 1886 1800 1953 τετυπωμένον
1838 1890 1927 1950 τοῦ

235 1967 356 2021 κατὰ
406 1966 614 2037 γαστρὸς
652 1969 735 2020 καὶ
774 1968 940 2036 μηκέτι
979 1967 1121 2030 ὄντος
1159 1972 1246 2020 τοῦ
1286 1967 1571 2035 σπέρματος,
1622 1964 1682 2020 οὖ
1721 1964 1925 2018 παύεται

237 2049 326 2116 μὲν
380 2043 503 2102 οὖσα
551 2048 816 2116 σύλληψις,
868 2050 964 2101 ἔστι
1013 2048 1066 2100 δὲ
1113 2046 1174 2102 οὗ
1221 2050 1489 2118 σπέρματος
1535 2046 1638 2100 ἀλλ’
1693 2045 1926 2115 ε’μβρύου.

236 2131 586 2198 μεταβέβληται
625 2129 714 2197 μὲν
751 2128 844 2198 γὰρ
883 2128 982 2196 ἤδη
1021 2127 1074 2182 τὸ
1116 2130 1303 2198 σπέρμα
1342 2131 1426 2182 καὶ
1465 2129 1614 2196 φύσις
1654 2130 1766 2194 ἐστί,
1805 2125 1926 2180 κατὰ
1985 2119 1987 2122 ,

235 2210 496 2280 προκοπὴν
545 2211 598 2263 δὲ
644 2212 727 2262 καὶ
773 2209 938 2278 ψυχή,
985 2211 1068 2262 καὶ
1115 2209 1274 2264 οὐκέτι
1311 2211 1512 2279 σπέρμα.
1587 2207 1664 2262 διὸ
1717 2210 1800 2261 καὶ
1843 2214 1929 2277 τῆς

169 2319 212 2352 25
239 2290 527 2359 συλλήψεως
604 2290 854 2360 διαφοράν
929 2313 1055 2354 τινες
1131 2290 1402 2361 εἰσάγοντες
1469 2289 1560 2359 τὴν
1632 2290 1721 2358 μὲν
1785 2288 1926 2358 ἆτελῆ

236 2373 461 2442 λέγουσιν
517 2371 582 2436 ὦς
635 2372 724 2441 τὴν
777 2371 1000 2440 πρώτην,
1053 2371 1143 2441 τὴν
1206 2373 1259 2426 δὲ
1311 2375 1493 2426 τελείαν
1552 2369 1616 2433 ὡς
1669 2369 1759 2438 τὴν
1813 2373 1927 2423 δευ-

356 2501 382 2539 3
408 2491 471 2539 αῖ
499 2509 588 2541 om.
623 2510 647 2538 ο
681 2496 801 2552 (add.
837 2496 906 2551 E)
1090 2501 1117 2541 8
1148 2496 1292 2541 verba
1323 2510 1351 2540 a
1381 2494 1422 2538 D
1454 2496 1564 2539 ante
1596 2495 1716 2538 συλλ.
1749 2493 1924 2538 inserta

238 2551 491 2611 μελλούσης
530 2556 750 2610 γίνεσθαι
788 2566 938 2625 neque
978 2554 1056 2598 hic
1094 2555 1238 2599 habet
1276 2569 1300 2599 c
1337 2566 1488 2624 neque
1526 2553 1575 2596 in
1606 2552 1758 2596 indice
1791 2566 1924 2622 capp.

236 2613 506 2686 praemisso.
658 2618 711 2657 13
744 2611 969 2669 σύλληψις
1001 2609 1126 2657 ἐστὶν
1159 2612 1269 2669 (hic)
1301 2609 1521 2668 κράτησις
1554 2625 1590 2655 c.
1717 2615 1772 2654 14
1778 2606 1831 2683 ἡ
1864 2610 1926 2654 D:

238 2670 268 2728 ’ἡ
303 2686 341 2716 c.
465 2677 519 2717 16
553 2687 579 2715 6
581 2673 746 2728 χεδίως
777 2672 835 2716 Ε.
871 2673 1091 2724 σχετικῶς
1122 2686 1147 2715 ο
1179 2671 1255 2725 (cf.
1288 2671 1348 2715 E²
1378 2687 1424 2727 p.
1458 2671 1547 2726 26).
1689 2675 1741 2714 18
1773 2666 1820 2740 ἢ,
1836 2682 1925 2714 om.

240 2745 264 2775 e
298 2731 419 2802 (add.
452 2731 522 2804 Ε).
644 2736 699 2775 22
733 2729 820 2787 μὲν
853 2727 972 2776 ουσοι
1005 2731 1152 2787 (Dar.)
1185 2729 1243 2774 E:
1278 2726 1484 2802 μένουσα
1518 2743 1554 2774 c.
1676 2733 1734 2772 24
1767 2723 1924 2772 οὐκέτι
1948 2742 1974 2764 -ῑ

238 2790 296 2834 E:
330 2785 416 2834 οὐκ
451 2787 574 2834 ἔστιν
607 2804 643 2835 c.
825 2794 881 2835 26
915 2788 1181 2860 εἰσαγοντες
1213 2788 1272 2833 Ε.
1305 2785 1499 2845 α”γοντες
1531 2803 1567 2832 c.
1745 2783 1807 2838 ὡς
1837 2781 1954 2842 τῆν’

238 2845 441 2907 πρώτην,
472 2849 586 2894 item
618 2845 680 2900 ὡς
710 2845 794 2905 τὴν
827 2845 1057 2906 δευτέραν
1089 2848 1178 2895 del.
1212 2847 1250 2891 E
1282 2863 1325 2904 p.
1358 2846 1544 2891 XXXV.
