2014 3162
888 127 1290 180 —128—

239 257 511 314 pomfolyga
556 270 646 301 ana
677 259 733 298 4.
764 257 798 302 I.
871 257 965 301 ista
1010 255 1168 300 omnia
1212 256 1368 300 tundis
1417 258 1466 301 et
1497 255 1712 302 cribellas
1744 259 1931 314 praeter

240 315 526 373 pomfolyga,
558 316 669 361 teris
703 316 952 374 diligenter
977 316 1026 360 et
1048 314 1197 359 mittis
1220 315 1334 359 illuc
1361 315 1631 373 ponfolyga.
1664 315 1778 361 facis
1803 328 1930 360 cero·

239 378 341 419 tum
373 375 421 419 et
451 374 600 419 mittis
632 376 787 421 oleum
819 375 1027 420 susinum
1059 376 1117 414 ὴ
1147 374 1182 429 Ι,
1215 373 1370 418 oleum
1394 374 1650 430 myrtinum
1684 376 1726 417 2..
1757 373 1791 433 <
1883 373 1929 434 >,

359 438 429 478 56.
477 434 729 491 grafarium
768 434 970 490 qualiter
1002 433 1212 477 embases
1242 433 1396 477 facere
1437 433 1592 477 debes.
1653 432 1703 477 id
1737 435 1808 478 est
1838 433 1930 478 olei

194 501 215 534 5
240 492 425 548 quiatos
463 492 550 547 III,
597 492 859 551 inquibus
899 491 1058 536 mittes
1098 504 1248 547 aquae
1297 491 1481 546 quiatos
1519 492 1597 535 VI.
1668 495 1717 536 et
1753 491 1804 536 in
1841 493 1930 537 hoc

239 551 399 596 mittes
430 551 630 607 laurum,
661 509 878 608 mqyrtam,
909 550 1158 605 althaeam,
1191 564 1349 607 cymas
1377 549 1598 608 cypressi,
1630 564 1786 617 cymas
1817 550 1932 608 pini,

240 611 421 655 radices
454 611 583 664 ulmi,
616 609 787 665 zibber,
820 623 1028 655 saccana.
1092 610 1140 653 et
1169 609 1286 653 haec
1316 610 1473 654 omnia
1503 610 1662 653 mittes
1692 608 1742 653 in
1773 608 1928 655 oleum

241 683 380 726 supra
397 669 623 726 scriptum
650 671 698 714 et
714 682 886 725 aquam
903 669 952 713 et
965 669 1064 712 tam
1077 667 1158 712 diu
1174 668 1494 725 decoquantur
1509 682 1648 724 quam
1662 667 1743 712 diu
1758 669 1931 713 herbae

240 728 514 772 madescant
537 730 585 772 et
608 741 793 773 omnem
818 742 988 784 aquam
1012 727 1260 772 deducant.
1293 730 1341 771 et
1366 740 1470 771 cum
1487 727 1548 771 ad
1573 727 1727 772 oleum
1749 741 1930 772 reman-

173 799 216 830 ιο
242 786 398 841 serint,
431 788 659 842 quantum
682 787 824 831 fuerit
853 787 1022 840 oleum,
1045 786 1094 830 in
1124 800 1217 830 uno
1249 786 1433 843 colligis
1466 787 1515 830 et
1545 785 1774 831 calefacto
1805 787 1932 843 quod

178 843 200 874 ὅ
241 858 407 902 corpus
425 845 624 890 sustinet
637 844 829 891 fovebis.
853 844 1111 894 identidem
1134 845 1250 889 facis
1272 845 1542 901 pessarium.
1569 844 1754 902 colligis
1770 845 1933 890 vulvas

237 904 484 960 leporinas,
511 918 616 948 cum
636 904 812 949 maiore
837 903 1085 971 diligentia
1108 904 1314 948 desiccas
1339 905 1387 948 et
1402 903 1516 949 teris
1540 905 1594 948 ut
1616 904 1676 949 ad
1691 904 1932 972 pulverem

238 963 438 1020 redigas,
487 962 727 1019 cribellas‚
767 966 815 1008 et
847 963 913 1007 sic
944 963 1201 1020 pessarium
1232 963 1348 1007 facis
1381 963 1438 1007 de
1469 962 1579 1012 lana
1609 963 1734 1020 alba,
1764 964 1931 1021 unguis

240 1022 409 1088 butyro
441 1023 626 1067 recente
661 1025 709 1067 et
732 1021 940 1080 aspergis
963 1022 1177 1079 pulveres
1201 1021 1259 1066 de
1283 1021 1436 1066 vulvis
1460 1036 1613 1079 supra,
1639 1023 1687 1066 et
1703 1021 1769 1067 sic
1787 1022 1932 1067 uteris

175 1090 219 1123 15
245 1079 344 1125 dies
377 1080 432 1135 V,
463 1081 532 1125 ita
563 1083 616 1125 ut
644 1082 767 1125 inter
799 1082 1009 1126 embases
1042 1082 1090 1125 et
1120 1081 1264 1125 aliam
1295 1094 1455 1130 curam
1484 1083 1649 1138 pauset
1679 1081 1777 1125 dies
1809 1081 1866 1128 V.

360 1144 415 1183 57
450 1142 526 1196 (=
551 1140 711 1186 Leids
735 1142 796 1196 7).
827 1154 988 1206 pessus
1022 1139 1356 1196 conceptorius.
1406 1141 1636 1184 storacem
1668 1140 1932 1194 calamiten,

239 1198 480 1251 masticem,
511 1198 747 1253 ladanum,
779 1199 978 1253 folium,
993 1199 1318 1253 sarcocanm,
1353 1199 1567 1255 cassiam,
1601 1198 1800 1256 spicam,
1833 1213 1930 1244 cro-

242 1271 360 1312 cum,
395 1258 642 1313 coagulum
674 1257 859 1314 leporis,
893 1256 1121 1313 dactylos,
1154 1256 1316 1314 adipes
1347 1257 1558 1302 taurinos
1589 1271 1680 1302 ana
1711 1257 1871 1302 2-1111.

359 1320 427 1360 58.
445 1316 703 1372 pessarium
728 1317 789 1360 ad
810 1316 1042 1361 fervorem
1065 1315 1273 1361 matricis
1299 1319 1347 1360 et
1369 1316 1765 1372 praefocationem
1794 1317 1933 1362 valde

174 1385 218 1416 20
240 1373 370 1419 utile.
433 1374 623 1419 althaea
669 1375 865 1419 decocta
911 1377 959 1419 et
996 1375 1183 1432 adipem
1220 1375 1470 1420 vitulinum
1513 1377 1562 1420 et
1591 1376 1856 1420 anserinum
1886 1377 1934 1422 et

240 1434 444 1538 ιθειὲιαιιι
473 1433 805 1479 terebintinam
844 1433 1027 1478 modice
1059 1434 1216 1481 addas.
1279 1434 1406 1491 quod
1436 1435 1702 1492 appositum
1734 1435 1932 1492 plurime

239 1506 323 1549 pro
359 1494 431 1536 est

361 1555 430 1596 59.
485 1550 600 1596 item
647 1551 838 1596 althaea
884 1553 1039 1607 cocta,
1087 1551 1252 1596 exinde
1299 1566 1438 1608 super
1483 1551 1644 1597 sedere
1690 1552 1933 1598 mulierem

239 1609 424 1668 (facis)
457 1610 518 1654 ad
551 1624 786 1667 vaporem
849 1613 1087 1655 menstrua
1115 1611 1354 1666 provocat.

173 1679 215 1712 25
289 1726 307 1770 l
359 1674 429 1713 60.
462 1669 577 1713 haec
600 1669 733 1714 radix
757 1669 989 1714 decocta
974 1684 1024 1713 ιιι
1046 1670 1156 1714 vino
1180 1670 1380 1715 bibatur.
1423 1670 1747 1716 difficultatem
1770 1670 1931 1716 urinae

174 1743 178 1746 ⁴
238 1741 287 1772 so
308 1729 399 1772 vet.

357 1786 616 1843 Explicit
661 1787 923 1843 pessaria
965 1786 1014 1831 in
1053 1786 1220 1843 quibus
1254 1787 1519 1832 continetur
1550 1788 1756 1833 omnium
1795 1789 1929 1834 femi-

240 1859 404 1889 narum
437 1844 652 1890 sanitatis
684 1845 923 1890 auxilium.

414 1947 694 1993 EXPLICIT
728 1947 1042 1994 GYNAECIA
1073 1949 1402 2002 MVSCIONIS
1434 1947 1750 1995 AVCTORIS.

360 2085 383 2124 1
417 2080 700 2182 Ponfoligo2s.
830 2082 1050 2127 tundes.
1070 2081 1358 2127 ‚cribellas.
1379 2083 1540 2128 ,teres.
1561 2118 1571 2127 .
1590 2081 1791 2128 .mitteS.
1811 2118 1820 2128 .
1840 2083 1930 2129 ‚fa-

241 2139 358 2184 cis„
377 2139 560 2184 ..mittis
713 2140 991 2197 ponfoligon
1023 2142 1143 2198 (bis).
1237 2145 1264 2185 3
1297 2149 1368 2195 2..;
1401 2142 1500 2197 (sic,
1531 2142 1654 2186 abest
1683 2145 1927 2198 numerus).

297 2203 325 2241 4
348 2144 680 2255 gerafadium.2
784 2199 837 2243 Id
869 2202 941 2244 est
972 2200 1065 2244 olei
1095 2214 1125 2257 q
1156 2200 1223 2243 III
1254 2201 1369 2257 (sic)
1493 2205 1519 2244 6
1553 2201 1678 2244 altea
1710 2201 1868 2246 cimas.

239 2262 264 2300 7
298 2256 477 2302 Zibber.
512 2257 731 2301 Saccana.
766 2258 879 2313 (sic).
936 2259 994 2313 cf.
1028 2260 1144 2316 ζίγιρ
1178 2260 1349 2303 cassiae
1379 2273 1444 2315 sp.
1478 2259 1632 2304 Diosc.
1669 2263 1710 2314 1,
1734 2263 1810 2305 12.

239 2320 265 2359 8
299 2316 541 2372 decoquat.
665 2321 690 2360 9
723 2317 904 2361 herbas
1029 2323 1084 2362 10
1115 2317 1211 2374 aliq
1212 2332 1275 2361 ua
1301 2320 1307 2373 Ι
1334 2319 1436 2361 tum
1467 2317 1609 2362 fuerit
1641 2319 1806 2363 oleum.
1978 2372 1981 2375 .

242 2379 294 2418 11
329 2374 602 2430 (identidem
633 2374 665 2418 f.
697 2389 788 2432 sqq.
815 2396 871 2412 =
903 2377 977 2420 Ad
1007 2376 1134 2422 idem
1164 2375 1280 2421 facis
1313 2376 1468 2421 Leid.r
1493 2378 1554 2434 6).
1738 2378 1930 2436 colliges

307 2433 540 2478 .desiccas
573 2434 621 2478 et
650 2435 798 2479 teres.
848 2435 1072 2480 ,cribella
1103 2437 1152 2480 et
1183 2435 1249 2479 sic
1281 2435 1448 2480 facis..
1468 2449 1701 2493 u.ngues.
1722 2473 1731 2482 .
1752 2451 1927 2494 ,asper-

238 2468 331 2548 ges.
456 2497 508 2536 13
541 2493 761 2547 butyrum
791 2471 1041 2539 recentem.
1174 2499 1229 2538 14
1261 2494 1318 2538 de
1349 2494 1528 2538 vulvaS.
1650 2494 1772 2539 inter
1802 2495 1928 2540 basis

298 2554 355 2594 20
386 2551 501 2595 utile
535 2553 618 2595 est
651 2550 840 2597 Altea..
1014 2557 1068 2596 21
1102 2553 1314 2598 addatur.
1347 2567 1435 2608 que
1469 2552 1749 2609 appositum.
1872 2559 1928 2599 23

238 2609 383 2654 Idem.
506 2614 563 2653 25
596 2610 741 2653 bibat.
864 2615 921 2655 27
953 2611 1003 2654 ιιι
1034 2625 1163 2667 quas.
1285 2615 1341 2654 29
1367 2616 1473 2667 post
1496 2611 1699 2656 auctoris
1731 2614 1799 2658 ita
1822 2627 1928 2670 per-

237 2669 306 2724 yit
354 2669 448 2713 cod.
500 2668 672 2724 Incipit
716 2668 937 2726 prologus
985 2669 1234 2726 cleopatre
1299 2683 1404 2713 cum
1451 2669 1656 2715 eiusdem
1704 2672 1925 2729 capitula.

241 2727 558 2771 Desideranti
588 2726 728 2773 tibi.
773 2728 1012 2783 ²(ceterum
1035 2729 1246 2785 Explicit
1275 2729 1395 2773 illud
1425 2732 1566 2773 totum
1596 2734 1787 2777 27—29
1817 2732 1928 2776 omi-

238 2786 299 2888 ξῗῗ
337 2786 775 2901 clodgv)Palatinus,
821 2788 903 2843 qui
941 2801 1063 2831 unus
1105 2802 1205 2832 cum
1235 2788 1490 2842 Hafniensi
1534 2790 1670 2833 etiam
1713 2790 1927 2835 Pessaria

238 2859 273 2888 2r
294 2859 323 2888 α
368 2859 413 2889 za
443 2850 482 2889 et
504 2878 514 2887 .
