2014 3162
763 99 1162 151 -231—

119 231 269 287 πτικᾶ
307 235 381 299 εἴη
420 233 503 284 καὶ
541 230 834 299 ἐμπλαστικᾶ
872 233 955 284 καὶ
992 230 1225 298 ψυκτικά,
1273 231 1414 300 μύειν
1452 233 1807 301 παρασκευάζει

120 313 176 368 τὸ
230 311 381 380 στόμα
432 318 517 381 τῆς
560 311 742 380 μήτρας
787 311 882 381 πρὸ
929 318 1016 366 τοῦ
1062 317 1237 380 καιροῦ
1282 318 1366 379 τῆς
1417 318 1681 377 συνουσίας
1725 317 1808 368 καὶ

126 393 221 448 οὔκ
259 395 316 466 έᾷ
353 400 619 462 παρελθεῖν
658 397 726 457 εἰς
755 392 841 447 τὸν
871 394 1106 461 πυθμένα
1144 391 1295 461 αὐτῆς
1333 392 1384 446 τὸ
1424 395 1626 462 σπέρμα,
1664 395 1720 447 τὰ
1754 397 1808 449 δὲ

117 476 205 528 καὶ
244 476 525 543 ἕρεθίζοντα
566 473 628 528 οὐ
674 474 829 542 μόνον
875 473 928 527 τὸ
975 480 1061 527 τοῦ
1101 472 1283 542 ἀνδρὸς
1323 475 1511 542 σπέρμα
1550 477 1809 543 έναπομεῖ-

119 578 206 609 ναι
228 557 283 609 ἐν
307 562 371 629 τῷ
410 555 542 610 κύτει
581 562 665 624 τῆς
696 555 880 625 μήτρας
912 554 973 610 οὖ
1006 561 1346 626 συγχωροῦσιν
1378 554 1499 608 ἀλλὰ
1538 558 1619 608 καὶ
1643 558 1808 626 ἑτέραν
1830 577 1851 610 5

113 635 359 707 «ὑγρότητα
398 639 448 701 ἐξ
487 637 639 706 αὐτῆς
677 639 914 693 ἕλκουσιν.

233 718 636 787 μνημονεύσομεν
675 720 729 772 δὲ
768 721 914 772 ἐνίων
953 721 1034 772 καὶ
1072 717 1175 772 κατ’
1219 717 1364 781 εἶδος.

235 804 407 863 πίτυος
446 799 640 867 φλοιόν,
687 803 810 869 ῥοῦν
849 799 1234 869 βυρσοδεψικόν,
1275 799 1478 853 ἑκάστου
1516 803 1640 866 ἴσον,
1678 804 1809 869 τρῖβε

120 880 243 948 μετὰ
283 884 425 934 οἴνου
463 883 544 933 καὶ
584 885 838 949 προστίθει
876 885 1078 949 μετρίως
1115 879 1211 947 πρὸ
1251 886 1334 948 τῆς
1374 885 1639 944 συνουσίας
1675 902 1806 949 περι-

115 964 399 1030 ειληθέντος
453 963 613 1030 ἐρίου,
659 963 741 1014 καὶ
788 961 903 1029 μετὰ
955 961 1084 1030 ὥρας
1130 960 1221 1015 δύο
1268 959 1476 1030 ἢκτρεῖς
1524 960 1807 1030 ἀφαιροῦσα
1833 983 1874 1014 ιο

124 1043 492 1105 συνουσιαζέτω.

232 1124 365 1178 ἄλλο.
444 1130 535 1194 γῆς
587 1128 844 1193 κιμωλίας,
907 1122 1130 1187 πάνακος
1180 1127 1314 1194 ρ”ίζης
1369 1122 1466 1176 ἆνὰ
1520 1127 1652 1191 ἴσον,
1699 1123 1803 1177 κατ’

116 1209 253 1259 ἰδίαν
296 1207 380 1258 καὶ
426 1203 552 1274 ὁμοῦ
599 1204 712 1274 μεθ’
757 1200 938 1268 ὕδατος
989 1210 1120 1274 τρῖβε
1157 1206 1240 1257 καὶ
1277 1208 1508 1274 γλοιῶδες
1545 1204 1809 1275 γενόμενον

124 1285 356 1350 ὡσαύτως
394 1291 660 1356 προστίθει.

230 1365 263 1435 ἢ
304 1366 478 1421 σιδίων
509 1374 700 1437 νεαρῶν
729 1367 782 1421 τὸ
814 1366 950 1431 ε’ντὸς
981 1366 1158 1430 λεάνας
1189 1365 1304 1435 μεθ’
1332 1364 1512 1429 ῦδατος
1542 1370 1808 1435 προστίθει.
1834 1387 1875 1420 15

228 1460 261 1530 ἢ
303 1467 479 1516 σιδίων
511 1464 630 1532 μέρη
651 1451 712 1532 β,
751 1467 971 1531 κηκίδων
1010 1465 1156 1532 μέρος
1186 1467 1248 1515 ’ἓν
1287 1462 1490 1525 λειῶσας
1529 1460 1808 1515 ἆνάπλασσε

119 1543 336 1613 βαλάνια
382 1542 528 1612 μικρὰ
574 1546 657 1597 καὶ
702 1541 931 1598 ῦποτίθει
977 1542 1095 1612 μετὰ
1142 1543 1233 1611 τὴν
1283 1548 1421 1612 λῆξιν
1458 1550 1556 1596 τῶν
1593 1565 1808 1611 καταμη-

120 1629 257 1679 νίων.

228 1705 262 1775 ἢ
296 1709 593 1774 στυπτηρίαν
630 1704 805 1776 ὑγράν,
844 1710 963 1776 ροᾶς
1000 1705 1248 1773 κελύφους
1286 1705 1338 1760 τὸ
1372 1705 1507 1769 ἐντὸς
1540 1709 1651 1759 διίει
1690 1704 1803 1773 μεθ’

111 1787 299 1852 ὕδατος
337 1789 420 1840 καὶ
460 1786 525 1840 δι’
569 1789 704 1855 ἐρίου
743 1792 1010 1858 προστίθει.
1833 1808 1875 1838 20

197 1867 263 1950 -ἢ
302 1872 506 1937 κηκίδος
529 1867 827 1938 ὅμφακίνης,
868 1872 1041 1922 σιδίων
1078 1875 1165 1922 τοῦ
1195 1868 1346 1936 ε’ντός,
1379 1870 1680 1978 ζιγγιβέρεως
1710 1864 1807 1921 άνὰ

122 1963 162 2022 ί,
203 1963 236 2026 β
274 1956 555 2011 ἆνάπλασσε
600 1956 699 2024 μετ’
743 1960 884 2011 οι’νου
924 1956 1120 2027 ὀρόβων
1160 1958 1356 2027 μεγέθει
1385 1958 1467 2009 καὶ
1514 1955 1710 2024 ξήραινε
1757 1958 1810 2008 ἐν

118 2044 234 2111 σκιᾷ
271 2040 354 2091 καὶ
391 2036 486 2107 πρὸ
525 2043 612 2105 τῆς
650 2042 915 2102 συνουσίας
954 2042 1098 2092 δίδου
1133 2042 1490 2107 προστίθεσθαι
1535 2039 1590 2090 ἐν
1634 2043 1808 2109 πεσσῷ.

230 2116 262 2187 ἢ
304 2117 522 2187 ἰσχάδων
553 2118 736 2188 σάρκας
772 2118 976 2182 λειῶσας
1016 2119 1131 2188 μετὰ
1171 2123 1339 2188 νίτρου
1378 2122 1645 2187 προστίθει.

227 2197 259 2268 ἢ
300 2203 433 2253 σίδια
471 2199 587 2268 μετὰ
626 2199 848 2269 κόμμεως
886 2204 997 2254 ἴσου
1035 2202 1118 2253 καὶ
1158 2203 1360 2270 ῥοδίνου
1392 2202 1504 2252 ἴσου
1541 2202 1808 2267 προστίθει.
1833 2219 1876 2252 25

228 2279 329 2335 εἶτα
368 2285 652 2350 μελίκρατον
698 2284 985 2350 ἐπιρροφεῖν
1033 2280 1230 2350 ὁμοίως,
1270 2279 1600 2349 φυλάττεσθαι
1640 2280 1693 2332 δὲ
1732 2281 1810 2332 ἐπὶ

237 2432 263 2471 3
297 2421 445 2470 αυτοῦ
479 2440 503 2470 c
534 2423 699 2497 (αυτῆς
728 2426 865 2483 Aet..)
988 2432 1014 2471 3
1046 2423 1103 2470 τὰ
1137 2425 1190 2471 δε
1223 2425 1305 2470 καὶ
1338 2422 1425 2496 ἐρα
1457 2424 1538 2470 καὶ
1571 2423 1810 2480 ἐρεθίζον-

113 2501 196 2529 ται
220 2499 257 2529 c.
289 2482 348 2529 τὰ
374 2482 427 2529 δε
451 2482 611 2542 θερμα
639 2483 915 2559 ἔρεθίζοντα
939 2485 986 2541 (i.
1005 2501 1044 2530 e.
1071 2484 1117 2530 εἰ
1138 2483 1191 2529 δὲ
1215 2482 1373 2542 θερμὰ
1407 2485 1480 2541 εἰή
1515 2480 1809 2540 ε’ρεθίζοντα)

118 2545 222 2589 Aet.
373 2543 455 2588 καὶ
487 2546 595 2589 ante
629 2541 681 2589 ἐν
714 2559 739 2590 c
772 2547 879 2602 (om.
912 2544 1052 2602 Aet..)
1204 2549 1230 2588 5
1265 2540 1428 2588 ἐλθεῖν
1462 2544 1586 2600 (post
1616 2541 1809 2615 μήτρας)

113 2602 223 2648 add.
256 2617 295 2648 c.
439 2607 466 2646 9
498 2605 631 2648 οἴνου
664 2605 975 2662 στεμφυλίτου
1009 2604 1114 2649 add.
1146 2603 1252 2648 Aet.
1387 2600 1810 2677 περιειληφθέντος

121 2676 145 2706 c
175 2663 308 2718 (corr
341 2662 411 2718 E).
584 2668 637 2706 12
669 2663 755 2719 γῆς
785 2680 880 2721 κιμ
914 2678 961 2707 π.
995 2680 1035 2719 ρ.
1069 2663 1174 2719 (hoc
1206 2662 1382 2718 ordine)
1415 2676 1453 2706 c.
1610 2666 1662 2705 19
1697 2655 1810 2718 ῥὀας

113 2723 335 2778 καλυφου
369 2719 470 2778 (sic)
495 2736 520 2766 c
551 2723 684 2779 (corr.
710 2722 782 2778 D).
914 2721 1090 2767 διιέναι
1122 2736 1158 2767 c.
1282 2726 1337 2765 21
1370 2717 1423 2764 τὸ
1459 2734 1482 2764 c
1515 2721 1647 2777 (corr.
1679 2719 1750 2774 E).

119 2783 178 2823 23
211 2776 263 2824 ἐν
293 2780 447 2836 πεσσῷ
481 2779 556 2838 (cf.
588 2782 733 2837 Aen).
769 2777 822 2825 ἐν
852 2779 975 2838 με’σω
1009 2796 1047 2827 c.
1204 2785 1262 2825 26
1295 2776 1533 2835 ἐπὶροφᾶν
1564 2792 1602 2823 c.
1754 2773 1807 2819 δὲ

117 2853 176 2881 τα
211 2834 287 2882 ἐπὶ
318 2837 437 2884 πολυ
471 2839 640 2897 δριμέα
673 2854 711 2886 0.
