2014 3162
784 117 1179 168 —279—

247 254 368 302 104.
423 247 537 316 μετὰ
577 249 631 301 δὲ
667 247 752 302 τὸν
792 247 1098 317 διαπλασμὸν
1130 250 1523 318 σπαργανούσθω
1554 251 1606 306 τὸ
1638 253 1822 321 βρέφος

138 329 288 400 ὀλίγῳ
313 330 660 397 λελιπασμένον
684 331 842 402 ἐλαίῳ.
888 328 940 383 τὸ
965 329 1059 400 γὰρ
1082 337 1250 383 πλεῖον
1271 329 1420 398 ψύχει
1451 353 1498 384 τε
1528 334 1609 384 καὶ
1643 331 1734 386 οὔκ
1764 335 1820 404 ἐᾷ’

133 412 300 479 μένειν
337 409 395 463 τὰ
434 409 691 479 σπάργανα
729 409 1028 478 ὖδρασμένα,
1059 413 1142 463 καὶ
1173 409 1543 464 ὄλισθανόντων
1573 415 1656 465 καὶ
1686 434 1821 481 περι-

134 492 447 559 τρεπομένων
493 493 827 560 διαστρέφεται
873 490 931 544 τὰ
976 497 1124 547 κῶλα.
1207 493 1443 561 συμφέρει
1490 494 1543 546 δέ
1589 515 1703 547 ποτε
1741 497 1822 546 καὶ

60 627 62 629 ,
131 577 271 645 κηρῷ
309 578 584 645 τυρρηνικῷ
622 570 819 625 ἀνιέντα
850 574 993 644 ε’λαίῳ
1025 571 1120 640 πρὸ
1148 578 1233 640 τῆς
1272 573 1658 643 σπαργανώσεως
1697 574 1823 627 ἆλεί-
1847 596 1866 630 5

132 674 252 720 φειν
287 652 346 705 τὰ
386 652 595 721 σώματα.
658 652 890 721 μαλάσσει
919 652 1013 723 γὰρ
1046 648 1188 716 οὗτος
1219 655 1302 706 καὶ
1331 653 1512 707 θάλπει
1541 654 1627 709 τὸν
1659 656 1823 726 ὄγκον,

129 736 200 787 ἔτι
241 735 295 787 δέ
332 755 438 797 πως
475 734 639 802 τρέφει
677 735 760 786 καὶ
797 737 1041 787 λευκαίνει
1077 733 1130 788 τὸ
1171 740 1319 801 σῶμα.
1385 734 1499 802 μετὰ
1541 736 1593 788 δὲ
1631 735 1682 789 τὸ
1715 744 1823 790 λου-

130 814 249 885 τρὸν
297 813 543 883 έκμυζάτω
589 813 647 866 τὰ
698 808 795 866 ὦτα
847 816 929 867 καὶ
984 813 1097 878 τοὺς
1150 820 1397 882 μυκτῆρας
1449 821 1535 869 τοῦ
1589 818 1823 885 βρέφους,

136 895 278 958 ὅπως
316 894 382 963 μὴ
421 893 694 962 ὑπομεῖναν
732 892 886 964 ὑγρὸν
925 893 1197 964 τρυφεροὺς
1243 897 1310 947 ἔτι
1347 894 1674 964 τυγχάνοντας
1711 895 1824 959 τοὺς

134 975 383 1044 φυσικοὺς
419 975 606 1043 πόρους
645 972 832 1045 βλάψῃ.

222 1201 460 1249 XXXVII
511 1203 644 1260 Πῶς
685 1200 782 1249 δεῖ
812 1199 909 1249 καὶ
948 1195 1085 1250 πότε
1126 1196 1367 1251 διδόναι
1406 1204 1478 1271 τῷ
1516 1199 1727 1267 βρέφει

791 1284 889 1338 τὸν
929 1284 1164 1353 μαστόν.

247 1417 365 1465 105.
422 1410 739 1479 Διαστήσασα
787 1411 841 1463 δὲ
879 1409 1044 1480 ὀλίγον
1084 1410 1201 1464 ὥστε
1241 1409 1479 1480 <λήγειν>
1518 1410 1608 1479 τὴν
1647 1414 1700 1465 ἐκ
1738 1418 1823 1466 τοῦ

131 1499 343 1562 λουτροῦ
373 1491 606 1561 ταραχήν,
638 1491 755 1545 αὐτὸ
786 1493 1108 1560 παρατιθέτω.
1169 1490 1222 1545 τὸ
1253 1491 1346 1561 γάρ
1379 1491 1566 1555 εὐθέως
1597 1494 1824 1562 παρέχειν

129 1572 222 1642 τὴν
272 1572 468 1642 τροφὴν
523 1573 782 1641 ἐπιβλαβές
830 1572 891 1627 οὗ
937 1572 1092 1640 μόνον
1137 1576 1298 1644 νηπίῳ
1347 1571 1469 1626 ἀλλὰ
1516 1575 1598 1626 καὶ
1647 1578 1822 1646 τελείῳ.

131 1656 462 1724 πεπυρωμένη
502 1653 594 1724 γὰρ
632 1652 665 1721 ἡ
706 1653 957 1724 σύγκρισις
989 1653 1190 1723 ἀθρόως
1222 1655 1482 1707 ἐπισπᾶται
1512 1653 1603 1722 τὴν
1635 1653 1825 1724 τροφὴν

130 1738 216 1789 καὶ
255 1740 549 1804 διαφθείρει.
633 1736 715 1787 καὶ
755 1733 871 1789 αὐτὶ
916 1733 948 1803 ἡ
997 1741 1307 1804 γαλουχοῦσα
1352 1738 1484 1804 εἴπερ
1530 1733 1628 1788 ἀπὸ
1675 1740 1825 1804 βαλα-

133 1821 269 1871 νείου
316 1816 541 1887 τυγχάνει
589 1815 890 1884 διαστησάτω
937 1815 990 1870 τὸ
1038 1815 1272 1883 αὔταρκες
1317 1818 1401 1869 καὶ
1446 1819 1824 1886 προλαμβανέτω

130 1896 371 1966 πρότερον
408 1895 626 1951 ὑδάτιον.
706 1896 767 1951 οὐ
812 1896 905 1968 γὰρ
951 1899 1282 1970 τεταραγμένῳ
1330 1903 1394 1971 τῷ
1442 1898 1624 1966 σώματι
1669 1897 1826 1966 μόνον

131 1979 394 2048 ἕπιβλαβὲς
438 1977 706 2047 λαμβάνειν
750 1977 841 2046 τὴν
885 1978 1101 2047 τροφήν,
1156 1977 1276 2031 ἄλλα
1322 1981 1406 2031 καὶ
1452 1977 1551 2032 ἀπὸ
1600 2001 1825 2048 τεταραγ-

130 2061 286 2128 μένου
326 2057 546 2127 σώματος
583 2056 614 2126 ἡ
653 2058 810 2127 τροφὴ
851 2059 1065 2128 βλάπτει.
1140 2062 1224 2112 καὶ
1261 2058 1313 2113 τὸ
1362 2059 1544 2128 νήπιον
1591 2054 1684 2114 οὖν
1728 2059 1825 2114 ἄπο

131 2147 221 2194 τοῦ
282 2146 490 2207 λουτροῦ
553 2139 855 2207 διαστησάτω
916 2139 947 2209 ἡ
1003 2140 1186 2209 τροφὸς
1247 2142 1329 2192 καὶ
1392 2140 1708 2207 ἆπαμελξάτω
1772 2139 1825 2193 τὸ

131 2225 514 2292 παρεγκείμενον
545 2228 645 2284 τοῖς
676 2228 872 2289 μαστοῖς
902 2223 985 2274 καὶ
1023 2221 1350 2288 ἆποθλίψασα
1389 2219 1442 2274 τὸ
1483 2220 1580 2274 ἀπὸ
1619 2220 1706 2289 τὴς
1742 2244 1825 2273 τα-

254 2386 279 2425 2
313 2384 457 2427 λελιπ.
491 2382 552 2426 D:
585 2380 637 2426 δὲ
671 2379 956 2452 λιπασμένον
989 2395 1026 2427 c.
1170 2377 1315 2437 ψύχει
1347 2396 1417 2424 τεε
1452 2377 1662 2437 ’ψύχηται
1696 2394 1732 2424 c.

132 2445 164 2484 3
170 2438 454 2510 ἰδρασμένα
487 2440 589 2498 (sic)
623 2455 660 2486 ο.
814 2446 840 2485 5
880 2436 1061 2485 ανιέντι
1094 2455 1130 2485 c.
1285 2444 1310 2483 6
1353 2432 1492 2490 οὗτος
1524 2439 1624 2495 (sic)
1657 2453 1681 2482 0
1713 2441 1824 2495 (non

131 2494 316 2554 οὕτως).
439 2504 464 2544 ’7
495 2515 594 2550 πως
624 2498 809 2557 τρέφεις
842 2498 1126 2556 προστρέφει
1157 2513 1194 2543 c.
1319 2503 1345 2543 9
1381 2496 1449 2543 ἔτι
1479 2514 1519 2543 τ.
1550 2498 1611 2542 E:
1646 2493 1763 2543 ἔπιτ.
1786 2513 1822 2543 o.

198 2563 251 2603 13
283 2554 442 2615 λήγειν
474 2558 635 2604 addidi
666 2559 974 2617 (καταστῆναι
999 2559 1085 2603 DE
1111 2560 1220 2615 post:
1243 2553 1486 2615 ταραχήν).
1607 2561 1663 2600 14
1695 2553 1822 2601 αὐτῶ

132 2617 497 2690 παρατιθέντων
529 2633 566 2664 c.
722 2623 775 2663 15
807 2619 1017 2674 vanoev
1067 2619 1284 2664 ,τελείων
1316 2633 1340 2662 o
1372 2618 1510 2673 (corr.
1542 2616 1613 2673 E).
1767 2621 1821 2660 17

133 2672 289 2731 αὐτὴν
319 2675 657 2734 γαλουχοῦσαν
676 2692 701 2722 ο
733 2680 868 2735 (corr.
902 2676 973 2734 E).
1150 2682 1203 2721 18
1237 2674 1529 2732 διαστήσασα
1560 2675 1621 2719 τῶ
1655 2673 1707 2718 τὸ
1740 2690 1824 2718 αυ-

134 2732 306 2790 ταρκὲς
338 2748 375 2779 ο.
502 2741 554 2780 19
586 2737 936 2808 τεταραγμένον
970 2751 994 2781 c
1036 2739 1168 2807 (corr
1202 2736 1277 2794 D).
1414 2739 1471 2779 20
1506 2731 1770 2792 έπιβλαβῶς
1802 2747 1824 2776 c

135 2794 276 2849 (corr.
308 2793 379 2850 E).
530 2799 586 2839 22
619 2793 648 2850 ἡ
682 2792 859 2853 τροφὸς
889 2795 991 2840 nal:
1024 2796 1106 2840 καὶ
1136 2791 1164 2852 ἡ
1197 2791 1372 2851 τροφὸς
1404 2808 1441 2840 c.
1588 2796 1643 2836 23
1676 2806 1826 2846 παρα-

136 2851 359 2910 κείμενον
392 2866 416 2897 c
449 2854 580 2910 (corr.
614 2854 684 2909 E).

1848 1001 1888 1032 10

1850 1600 1892 1634 15

1851 2007 1892 2038 20
