2014 3162
739 118 1133 169 —111—

96 257 392 306 continetur.
455 248 588 322 (85.)
630 260 679 302 et
718 252 977 315 aliquando
1016 267 1131 316 pars
1167 254 1289 319 eiuS,
1330 253 1588 318 aliquando
1621 258 1780 305 omnis

94 327 376 378 effunditur.
454 330 496 376 si
551 329 681 376 enim
736 326 979 375 orificium
1026 327 1133 375 eius
1191 332 1382 375 tantum
1436 328 1580 376 modo
1636 329 1780 395 cadit,

96 417 210 453 cum
264 401 432 450 dolore
484 407 574 450 est.
663 403 705 450 si
759 415 875 449 vero
933 401 1100 448 tunica
1149 415 1272 464 quae
1329 401 1464 449 intus
1511 408 1586 450 est
1637 402 1780 470 cadit,

38 498 42 502 ’
91 490 330 540 rugosum
371 483 420 524 et
459 490 689 524 russeum
727 488 910 537 corpus
943 474 1049 522 sine
1082 472 1252 522 dolore
1284 474 1548 522 invenitur.
1591 476 1632 522 si
1665 490 1779 524 vero

93 551 252 599 omnis
284 550 462 597 matrix
501 550 714 612 regirata
746 547 899 597 effusa
947 554 1043 613 est,
1092 547 1149 595 ad
1199 546 1571 596 similitudinem
1611 550 1690 596 ovi
1728 550 1779 597 in
1804 567 1824 599 5

93 625 205 672 sinu
245 621 475 671 muliebri
506 623 770 671 invenitur.
828 623 869 670 si
901 636 1018 669 vero
1051 622 1210 669 omnis
1243 636 1341 669 non
1368 636 1603 670 conversa
1629 622 1783 670 effusa

0 750 1 753 Ἴ
93 702 184 762 est,
222 695 507 760 magnitudo
549 695 748 760 quidem
785 696 941 744 maior
982 701 1057 743 est
1097 694 1182 743 sed
1221 701 1277 743 ut
1308 696 1557 759 integrum
1586 694 1784 744 schema

92 777 332 836 servetur,
353 775 402 818 et
420 769 794 834 sanguinolenta
812 768 1011 832 quidem
1029 783 1142 816 cum
1159 770 1352 832 integro
1371 783 1536 833 sensu,
1553 770 1782 832 quotiens

0 845 1 893 l
91 845 253 908 ruptis
286 842 485 893 cutibus
524 858 648 907 quae
690 858 796 891 eam
838 844 1094 891 continent
1133 841 1416 908 effunditur,
1454 841 1630 906 pallida
1665 857 1781 891 vero

92 923 142 966 et
178 932 334 982 prope
371 919 476 966 sine
517 932 681 982 sensu,
722 917 951 980 quotiens
991 915 1051 964 de
1091 915 1301 980 paralysi
1339 930 1606 964 nervorum
1638 915 1780 965 cadit.
1807 935 1849 967 10

211 985 346 1058 (86.)
384 996 579 1056 oportet
611 1005 730 1055 ergo
764 991 990 1055 supinam
1022 991 1260 1038 iactantes
1291 988 1551 1038 mulierem
1573 988 1782 1054 pedibus

94 1066 299 1130 apertiS,
349 1066 391 1113 si
436 1079 549 1112 mox
598 1063 833 1113 ceciderit
882 1069 932 1113 et
980 1062 1139 1112 adhuc
1187 1062 1562 1126 sanguinolenta
1609 1069 1685 1111 est
1736 1070 1784 1111 et

92 1140 198 1188 sine
238 1139 453 1202 fervore,
504 1153 629 1202 aqua
669 1137 846 1202 frigida
887 1137 962 1186 vel
999 1152 1154 1201 pusca
1194 1136 1456 1200 diligenter
1497 1135 1672 1185 elotam
1713 1135 1781 1184 di—

92 1214 206 1277 gitis
255 1211 330 1260 vel
384 1213 588 1276 spongia
635 1211 849 1260 rotunda
895 1216 1149 1259 retrorsus
1197 1225 1304 1259 eam
1351 1209 1592 1274 repellere
1645 1216 1694 1259 et
1732 1211 1782 1258 in

94 1285 202 1335 loco
243 1301 333 1335 suo
373 1300 621 1334 revocare.
689 1284 868 1334 dehinc
906 1285 1031 1333 lanis
1070 1283 1148 1333 vel
1187 1285 1390 1348 spongia
1429 1298 1582 1347 pusca
1621 1283 1781 1333 made·
1807 1302 1850 1335 15

93 1360 221 1409 facta
246 1361 410 1408 sinum
435 1358 727 1408 muliebrem
755 1358 960 1423 implere
986 1364 1036 1407 et
1060 1364 1384 1421 conpetenter
1407 1356 1574 1422 ligare,
1607 1356 1782 1420 pedem

96 1435 242 1483 etiam
283 1447 434 1497 supra
471 1432 649 1497 pedem
682 1431 941 1481 obvolvere
974 1438 1025 1480 et
1057 1430 1295 1480 cervicale
1328 1429 1532 1479 renibus
1561 1430 1782 1494 adposito

94 1507 294 1556 altiores
334 1512 502 1571 partes
534 1507 665 1570 ipsas
699 1506 862 1555 facere
894 1505 971 1554 vel
1001 1507 1053 1554 in
1084 1503 1406 1554 inferioribus
1437 1503 1647 1568 pedibus
1675 1519 1781 1568 gra-

96 1580 200 1630 bati
241 1580 415 1630 fulcire
455 1586 511 1629 ut
542 1579 743 1628 altiores
774 1594 921 1628 renes
954 1577 1133 1628 mulier
1164 1578 1356 1627 habeat.
1412 1576 1588 1626 deinde
1618 1577 1782 1626 cibum

93 1653 368 1719 simplicem
405 1653 535 1702 dare.
1808 1670 1850 1702 20

206 1722 339 1796 (87.)
392 1728 435 1776 si
481 1741 598 1776 vero
652 1728 836 1776 iteium
884 1725 1123 1776 cecideiit
1162 1727 1268 1774 sine
1309 1725 1519 1791 fervor,e
1557 1724 1785 1789 ungenda

218 1902 241 1940 1
277 1896 529 1953 aliquando
563 1896 714 1941 omnis
745 1898 798 1941 h·
832 1910 915 1941 om.
941 1897 1006 1940 bl.
1129 1900 1155 1939 2
1190 1895 1326 1939 cadet
1358 1895 1396 1939 b.
1520 1899 1549 1938 4
1579 1908 1786 1939 russeum

100 1957 230 2012 b⁰lh,
263 1970 472 2001 rosseum
507 1957 630 2013 (ante
659 1957 745 2012 ips.
779 1957 914 2013 corr.)
947 1956 987 2000 b.
1112 1960 1138 1999 5
1169 1954 1342 1998 matrix
1373 1954 1446 1998 lh:
1479 1967 1562 1999 om.
1596 1954 1634 1998 b
1721 1953 1785 1998 ef-

97 2015 202 2060 fusa
231 2016 280 2061 h:
315 2029 398 2061 om
432 2016 496 2060 bl.
620 2020 646 2059 6
679 2028 788 2060 vero
822 2016 894 2060 bl:
928 2016 1085 2059 autem
1116 2015 1157 2058 h.
1220 2014 1328 2058 haee
1358 2014 1424 2057 sic
1451 2013 1637 2068 praebet
1668 2013 1702 2056 l:
1738 2012 1787 2056 Si

97 2088 208 2119 vero
241 2074 390 2119 omnis
421 2074 696 2132 magnitudo
728 2088 822 2119 11011
854 2075 926 2118 est
959 2074 1246 2118 conversata.
1295 2073 1332 2116 &
1362 2071 1549 2129 integru
1583 2073 1786 2115 scemate

95 2133 304 2178 matricis
338 2135 549 2178 servatur
580 2138 656 2177 etc.
812 2133 958 2177 effusa
989 2134 1035 2178 b:
1075 2145 1159 2178 om.
1194 2133 1261 2176 lh.
1425 2136 1449 2175 7
1484 2129 1674 2174 maioris
1704 2131 1787 2174 aut

97 2191 282 2260 integrsi
315 2193 355 2249 b,
387 2191 574 2238 maioris
609 2194 680 2237 est
709 2192 778 2237 ita
808 2193 861 2236 ut
890 2192 1124 2248 integrum
1155 2192 1197 2235 h.
1369 2194 1394 2233 9
1428 2189 1612 2234 cutibus
1644 2201 1783 2245 quae:

96 2251 299 2296 crinibus
330 2250 410 2308 qui
451 2253 551 2296 blh.
712 2251 922 2296 continet
952 2252 1017 2296 bl
1180 2254 1234 2294 10
1268 2250 1487 2305 quociens
1519 2249 1566 2293 b·
1607 2247 1786 2302 aliquo-

95 2310 218 2355 tiens
250 2312 317 2356 lh.
469 2311 526 2355 de
558 2309 784 2367 paralisi
779 2314 784 2353 l
814 2310 853 2354 si
883 2324 1127 2355 nervorum
1162 2310 1211 2365 h,
1244 2308 1300 2352 de
1332 2307 1526 2364 paralisi
1555 2307 1783 2351 membro-

96 2384 200 2414 rum
233 2371 272 2426 b,
305 2369 353 2413 in
382 2370 629 2436 paralypse
661 2370 974 2414 membrorum
1007 2370 1034 2414 Ζ.
1167 2373 1218 2411 11
1255 2367 1452 2434 Oportet,
1481 2367 1530 2410 h:
1565 2365 1711 2410 Omne
1745 2366 1784 2420 b,

94 2427 227 2473 Hanc
258 2430 286 2473 Z.
378 2428 609 2473 iacentem
640 2430 682 2474 h.
778 2434 830 2472 12
864 2428 903 2473 si
934 2441 1041 2472 mox
1067 2430 1074 2483 Ι
1103 2425 1325 2471 ceciderit
1356 2426 1394 2470 Ζ.
1425 2438 1532 2469 111οΧ
1566 2423 1786 2469 ceciderit

95 2488 129 2544 (—
135 2486 205 2532 dit
234 2489 280 2556 h)
306 2489 371 2532 bh
401 2488 502 2544 (om.
528 2486 600 2544 si).
691 2488 886 2532 elotam:
919 2488 1043 2544 ea(m
1068 2487 1136 2543 lh)
1167 2486 1268 2530 lota
1293 2485 1393 2530 blh.
1487 2488 1543 2527 14
1568 2484 1683 2539 (etc.)
1710 2496 1784 2526 ex-

97 2547 296 2604 spungia
326 2548 366 2592 b.
457 2547 507 2590 in
538 2547 662 2604 (ante
693 2547 816 2603 loco)
849 2560 932 2592 om.
966 2547 1031 2591 bl.
1127 2550 1180 2589 16
1212 2544 1356 2601 pedes
1389 2544 1472 2588 bh:
1506 2542 1674 2598 pedem
1706 2542 1733 2585 l.

99 2610 153 2651 17
187 2607 356 2663 pedem
388 2606 460 2651 lh·
492 2620 603 2663 pare
630 2607 728 2663 (sic)
755 2607 794 2650 b.
902 2603 1144 2672 subposito
1177 2605 1217 2648 b.
1324 2607 1379 2648 18
1410 2601 1536 2659 ipsas
1570 2602 1652 2646 bh:
1683 2599 1783 2656 ipse

97 2665 128 2709 ῖ.
247 2665 401 2709 facere
433 2666 469 2709 l:
503 2679 586 2711 om.
613 2666 655 2720 b,
684 2665 883 2710 fasciare
914 2666 955 2709 h.
1078 2663 1128 2708 in
1160 2663 1335 2708 addidi.
1457 2660 1665 2717 grabatti
1695 2659 1783 2701 ful-

100 2723 194 2768 cire
226 2725 274 2769 b.
315 2724 500 2792 gravati
529 2723 692 2769 fulcire
726 2725 761 2780 l,
795 2723 981 2780 gravati
1013 2723 1272 2780 subponere
1304 2722 1346 2766 h.
1457 2676 1525 2763 g19
1557 2720 1611 2763 ut
1642 2718 1713 2762 lh:
1747 2716 1784 2759 &

23 2800 37 2804 ·
99 2783 138 2828 b.
261 2788 314 2828 21
349 2782 499 2841 primo
533 2785 655 2841 (ante
684 2783 812 2840 inic.)
844 2785 949 2830 add
982 2784 1023 2828 h.
1115 2780 1333 2838 ungenda
1365 2778 1524 2835 (Sor.)·
1555 2776 1704 2832 ini(un
1728 2776 1781 2831 l)-

99 2841 263 2886 cienda
294 2844 370 2888 bh.
