2014 3162
875 119 1241 172 ..22—

215 262 379 304 autem
426 256 512 320 qui
552 254 747 305 mollius
788 261 865 304 est
902 260 1110 321 stratuS‚
1155 262 1268 320 post
1305 253 1524 305 laborem
1564 256 1714 306 fetam
1753 255 1900 305 collo-

216 343 397 378 camus,

327 399 411 452 63.
453 401 710 460 Quomodo
750 403 1111 467 parturientem
1150 401 1391 452 collocare
1431 398 1708 453 debemus?

323 478 515 525 iacente
566 492 621 525 ea
669 478 845 541 supina
889 477 941 525 in
985 475 1112 525 lecto
1154 477 1239 540 qui
1278 475 1452 526 durius
1492 482 1703 527 stratum
1740 476 1903 543 habet,

168 558 188 592 5
216 549 572 615 conduplicatis
611 549 710 599 illic
750 549 959 615 pedibus
994 555 1042 598 et
1081 551 1280 616 apertiS‚
1321 565 1435 599 cum
1474 552 1647 599 corion
1694 550 1754 599 ad
1802 565 1901 599 ma-

212 624 520 688 gnitudinem
560 626 637 672 ovi
676 625 728 673 in
767 624 955 673 orificio
996 625 1213 672 matricis
1251 625 1604 690 invenerimus,
1643 623 1703 674 ad
1735 623 1904 673 sellam

213 712 320 746 eam
361 697 593 747 levamus.
671 713 783 747 nam
828 699 871 746 si
909 699 975 746 ita
1015 697 1168 746 fuerit
1204 696 1333 746 lassa
1371 703 1428 746 ut
1466 698 1517 746 in
1556 696 1687 747 lecto
1726 712 1903 763 parere

213 770 411 837 debeat,
451 771 520 820 ibi
558 772 729 836 pariat.
807 773 849 820 si
894 786 1010 820 vero
1053 769 1169 819 sella
1210 770 1541 820 obstetricalis
1581 786 1682 821 non
1721 778 1813 837 est,
1850 773 1902 821 in

214 845 356 894 fortis
395 844 619 894 mulieris
652 845 838 894 femora
878 844 1052 894 sedere
1091 843 1240 894 debet
1278 851 1334 894 ut
1372 843 1475 894 illic
1512 846 1685 909 pariat.

146 928 188 961 10
325 916 410 970 64.
449 918 727 983 Antequam
759 919 819 968 ad
858 918 1027 968 sellam
1057 919 1419 983 parturientem
1450 917 1752 970 collocemus
1784 918 1903 984 quid

214 992 377 1042 facere
418 989 653 1058 oportet?
1507 1008 1513 1018 ’

325 1072 522 1132 oportet
564 1066 759 1116 dolores
799 1066 909 1115 illos
948 1065 1178 1115 omnibus
1218 1065 1622 1115 calefactionibus
1656 1081 1905 1133 vaporare,

214 1139 320 1189 oleo
363 1142 511 1191 etiam
552 1140 706 1189 calido
748 1147 797 1190 et
837 1141 970 1190 sucis
1009 1139 1115 1189 loca
1153 1140 1260 1204 ipsa
1296 1141 1526 1204 inrigare.
1589 1138 1905 1190 deambulare

215 1215 362 1264 etiam
409 1229 491 1264 eas
547 1220 597 1263 et
650 1213 802 1264 lavari
847 1220 899 1263 et
945 1212 1081 1262 cibos
1137 1215 1363 1278 accipere
1418 1215 1607 1278 antiqui
1653 1212 1905 1263 iubebant.

147 1297 189 1331 15
214 1302 304 1338 nos
352 1303 469 1338 vero
517 1303 617 1337 non
656 1289 990 1353 permittimus
1029 1287 1150 1336 haec
1189 1287 1320 1354 fieri,
1369 1289 1483 1352 quia
1522 1286 1786 1336 ambulatio
1833 1289 1905 1336 in-

215 1361 400 1411 fantem
448 1377 604 1427 prope
653 1362 773 1410 foris
823 1363 1040 1426 positum
1077 1363 1260 1432 premit
1299 1367 1348 1410 et
1384 1362 1642 1410 matricem
1691 1367 1906 1427 quassat,

214 1434 462 1485 lavacrum
500 1450 616 1484 vero
654 1442 704 1484 et
734 1437 865 1484 vires
898 1435 1076 1484 minuit
1107 1440 1157 1483 et
1190 1434 1436 1499 digestum
1469 1449 1651 1500 corpus
1682 1434 1906 1485 mulieris

214 1509 489 1575 infrigidat,
540 1508 679 1558 cibus
730 1516 895 1559 autem
943 1510 1028 1573 qui
1065 1509 1119 1558 in
1157 1508 1341 1574 frigore
1382 1507 1527 1558 datur
1567 1510 1905 1574 corrumpitur

215 1588 265 1633 et
304 1598 403 1632 non
440 1584 614 1632 nutrit.

144 1666 191 1699 20
327 1653 411 1707 65.
462 1656 714 1706 Ministrae
763 1670 880 1705 cum
926 1654 1195 1705 obstetrice
1236 1663 1358 1720 quot
1397 1662 1514 1705 sunt
1554 1652 1903 1705 necessariae?

327 1738 430 1780 tres
485 1731 616 1779 enim
670 1731 978 1779 necessariae
1034 1736 1176 1794 sunt,
1233 1744 1292 1777 ex
1332 1728 1514 1794 quibus
1562 1729 1687 1778 duae
1735 1729 1908 1779 dextra

214 1804 447 1870 laevaque
488 1804 547 1853 ad
586 1803 741 1853 latera
773 1810 904 1853 stare
938 1802 1135 1869 debent,
1173 1804 1225 1851 in
1258 1818 1379 1868 quas
1411 1802 1701 1852 incumbere
1733 1805 1907 1869 possit,
1994 1863 1997 1878 1

340 1995 362 2034 1
396 1990 555 2035 autem
586 1990 634 2035 b:
667 2002 750 2034 om.
784 1990 811 2033 Ζ.
934 1990 1162 2033 &stratus
1194 1990 1223 2033 Ζ.
1346 1994 1372 2034 3
1405 2005 1450 2046 p.
1483 1987 1636 2046 ipsam
1666 1989 1783 2034 conl.
1817 1990 1845 2034 Ζ.

217 2054 246 2094 4
276 2050 462 2095 Iacente
495 2062 600 2094 eam
632 2049 847 2106 supinam
880 2050 978 2106 (sie)
1011 2050 1059 2093 b:
1093 2048 1323 2094 iactantes
1355 2062 1459 2094 eam
1492 2048 1662 2106 supina,
1692 2050 1708 2093 Ζ
1739 2049 1816 2106 (h).

217 2108 323 2166 qui:
355 2109 481 2165 quod
511 2108 613 2153 blh.
735 2108 880 2152 habet
911 2109 959 2154 b:
992 2109 1063 2152 est
1094 2109 1122 2152 Ζ.
1246 2112 1272 2152 5
1303 2108 1437 2165 pedis
1470 2109 1498 2154 Z.
1622 2113 1648 2152 6
1681 2107 1908 2153 orificium

217 2169 320 2214 blh.
462 2167 724 2212 invenimus
757 2167 796 2211 b.
951 2173 975 2212 7
1008 2169 1062 2212 ut
1092 2165 1141 2211 in
1171 2166 1295 2212 lecto
1326 2182 1372 2224 p.
1406 2167 1449 2213 d.
1484 2168 1501 2212 Ζ
1531 2168 1618 2225 (h):
1651 2168 1734 2211 aut
1763 2166 1833 2212 ibi
1860 2182 1906 2235 p.

216 2227 261 2272 d.
293 2226 343 2270 in
373 2227 497 2272 lecto
530 2227 614 2283 (ibi
637 2228 703 2283 p.)
735 2227 774 2270 b.
898 2231 924 2271 8
956 2241 1049 2271 non
1082 2228 1153 2270 est
1183 2226 1232 2270 in
1262 2241 1346 2286 pre
1378 2227 1497 2283 (vult
1525 2227 1576 2272 in
1603 2227 1828 2284 presenti)
1858 2240 1909 2272 111

215 2285 247 2329 f.
282 2290 358 2331 etc.
394 2287 421 2330 Ζ.
514 2285 563 2329 in
596 2286 668 2330 bl:
699 2284 822 2329 inter
851 2286 894 2329 h.
1003 2289 1028 2329 9
1061 2285 1278 2330 mulieres
1312 2287 1351 2331 b.
1459 2286 1599 2330 debet
1622 2287 1705 2341 (h):
1739 2285 1910 2332 debeat

217 2345 283 2391 bl.
408 2349 463 2388 10
496 2344 792 2389 conlocamus
825 2346 852 2388 Z.
993 2349 1046 2388 12
1080 2346 1284 2402 oportet:
1318 2359 1477 2390 omnes
1510 2346 1600 2390 blh
1632 2347 1704 2403 (os
1740 2343 1907 2403 Cant).

275 2403 382 2448 illos
415 2404 516 2461 (sic)
549 2404 650 2449 blh.
775 2409 828 2448 13
861 2416 951 2460 sqq.
985 2405 1146 2449 desunt
1176 2405 1229 2448 in
1257 2405 1435 2463 graecis
1466 2404 1566 2450 Sor.
1591 2419 1644 2462 p.
1676 2407 1782 2459 103,
1805 2408 1847 2449 4.

221 2467 276 2506 14
308 2464 357 2506 et
389 2464 511 2519 (ame
542 2462 674 2507 cibus
706 2464 788 2520 sic)
822 2476 904 2507 om.
931 2465 970 2508 b.
1093 2462 1277 2518 antiqui
1309 2465 1335 2509 b
1367 2463 1537 2521 (Cana,
1568 2478 1704 2520 -quos
1734 2465 1796 2520 h),
1829 2477 1908 2508 an-

215 2520 416 2578 tiquitas
457 2523 484 2566 Ζ.
641 2525 695 2566 15
735 2521 856 2566 amb.
890 2521 994 2578 ipsa
1023 2521 1103 2566 inf.
1138 2523 1203 2568 lh.
1356 2527 1412 2568 16
1453 2525 1641 2581 premet¹
1669 2523 1826 2581 (pm85)
1859 2523 1907 2568 b:

215 2582 438 2654 reprimet
471 2596 486 2639 Ζ
516 2595 750 2653 (reprimit
778 2597 840 2653 h).
995 2601 1048 2640 17
1081 2595 1298 2666 mulieres
1330 2598 1370 2642 b.
1510 2602 1565 2643 18
1595 2596 1824 2656 infrigdat
1855 2598 1908 2642 ll:

218 2670 308 2728 (in.
328 2669 461 2715 ..dat
491 2670 573 2716 Zac.
607 2670 667 2727 b).
788 2669 993 2725 frigdore
1026 2670 1073 2714 b:
1106 2667 1284 2714 fervbre
1318 2671 1401 2727 (sic
1432 2685 1534 2716 cum
1563 2672 1668 2716 vitii
1696 2673 1844 2729 siquo)
1877 2672 1907 2726 Ζ,

219 2729 402 2773 ferbore
433 2729 476 2774 h.
620 2728 932 2784 corrumpitur
963 2729 1047 2785 (h):
1081 2729 1172 2785 -pit
1201 2730 1266 2773 bl.
1413 2735 1466 2775 19
1499 2730 1649 2775 nutrit
1678 2731 1726 2775 b:
1759 2729 1909 2774 nutrit
1975 2757 1980 2762 -

224 2801 303 2832 eas
335 2789 351 2832 Ζ
383 2789 444 2845 (n.
478 2802 583 2832 eam
612 2789 674 2844 h).
828 2793 884 2833 20
919 2786 1053 2840 Quod
1082 2788 1194 2831 min.
1228 2801 1265 2833 c.
1300 2803 1340 2833 ο.
1374 2805 1407 2833 s.
1439 2804 1483 2834 n.
1517 2790 1546 2834 l.
1699 2794 1754 2834 21
1790 2788 1907 2835 Sunt

222 2846 346 2891 enim
375 2861 473 2892 nec.
504 2848 598 2891 tres
631 2849 658 2892 Ζ.
783 2848 871 2892 due
905 2847 976 2891 lh:
1010 2847 1100 2890 duo
1134 2847 1174 2891 b.
