2014 3162
889 159 951 167 —
1033 129 1290 182 352—

245 259 293 334 ᾖ,
342 261 374 330 ἢ
422 261 543 315 κατὰ
589 263 732 331 μέρος
784 260 891 315 οἷον
930 265 972 314 εἰ
1010 264 1104 329 ἔχει
1143 261 1356 331 μεγάλην
1393 259 1674 330 κεφαλὴν
1652 284 1684 329 η
1724 259 1931 328 θώρακα

245 343 276 412 ἢ
325 347 515 397 κοιλίαν
561 343 987 411 ἐμπεπλησμένην,
1045 340 1110 404 ῶς
1157 344 1236 394 ἐπὶ
1274 341 1648 412 ὑγροκεφᾶλων.
1727 341 1787 395 οὗ
1837 340 1930 411 γὰρ

246 425 402 493 μόνον
455 424 512 478 τὰ
565 422 686 478 κατὰ
733 422 887 490 φύσιν
934 422 1115 492 μεγάλα
1159 427 1372 493 γίγνεται
1417 422 1513 494 όλῳ
1559 429 1625 497 τῷ
1673 423 1854 491 σώματι
1898 419 1932 490 ἢ

247 507 439 574 μέρεσιν
493 503 612 558 ἀλλὰ
666 505 746 556 καὶ
800 502 857 556 τὰ
903 503 1037 605 παρὰ
1088 503 1255 571 φύσιν.
1331 507 1414 557 καὶ
1458 504 1592 572 παρὰ
1637 511 1832 573 πλῆθος
1879 504 1934 556 δὲ

202 608 224 641 5
249 589 481 639 δυστοκία
525 591 759 655 γίγνεται,
808 584 924 638 όταν
969 584 1078 652 η’τοι
1125 583 1219 639 δύο
1265 583 1297 653 ἢ
1349 587 1430 638 καὶ
1467 589 1574 654 τρία
1612 587 1693 638 καὶ
1732 583 1933 654 ἀθρόως

247 666 498 735 ἀμφότερα
551 664 787 734 ἐρχόμενα
833 670 900 737 τῷ
944 663 1162 737 τραχήλῳ
1209 673 1294 734 τῆς
1339 666 1522 737 μήτρας
1568 671 1846 734 σφηνῶται,
1899 664 1932 734 ἢ

247 746 378 814 παρὰ
431 746 483 801 τὸ
531 745 924 813 ἀποτεθνηκέναι
975 743 1028 798 τὸ
1089 747 1275 814 ἕμβνον
1328 748 1411 799 καὶ
1456 745 1521 815 μὴ
1578 754 1832 817 συνεργεῖν
1877 752 1934 820 τῇ

247 827 465 891 ἆποτέξει
501 826 534 895 ἢ
575 829 657 880 καὶ
696 825 960 880 ἆποθανὸν
993 828 1306 898 διῳδηκέναι,
1329 826 1361 896 ἢ
1387 827 1520 897 παρὰ
1544 827 1596 882 τὸ
1622 827 1755 897 παρὰ
1779 827 1933 895 φύσιν

249 910 610 978 ἐσχηματίσθαι.

183 1013 225 1044 10
359 988 411 1044 τὸ
457 988 551 1058 γὰρ
600 987 721 1042 κατὰ
765 989 919 1055 φύσιν
958 994 1117 1056 σχῆμα
1154 996 1255 1052 τοῖς
1292 991 1616 1059 γεννωμένοις
1653 989 1705 1043 τὸ
1746 991 1824 1042 ἐπὶ
1862 1011 1936 1042 κε-

250 1069 416 1138 φαλήν
465 1072 562 1123 ἐστι
599 1070 1003 1138 παρατεταμένων
1040 1075 1137 1122 τῶν
1175 1076 1349 1138 χειρῶν
1386 1078 1486 1133 τοῖς
1524 1078 1697 1139 μηροῖς
1735 1072 1817 1123 καὶ
1855 1069 1932 1123 ἐπ’

250 1149 377 1203 εὐθὺ
417 1152 694 1219 φερομένου
733 1157 820 1204 τοῦ
860 1148 1092 1218 ἐμβρύον.
1160 1148 1217 1201 τὰ
1258 1151 1311 1202 δὲ
1350 1150 1481 1220 παρὰ
1522 1151 1675 1218 φύσιν
1706 1155 1749 1204 εἰ
1777 1172 1934 1220 παρα-

248 1232 504 1299 κεκλιμένα
541 1238 598 1301 τῇ
637 1237 827 1302 κεφαλῇ
867 1235 937 1294 εἰς
974 1229 1032 1284 τὰ
1072 1229 1205 1293 δεξιὰ
1243 1228 1275 1298 ἢ
1316 1230 1540 1301 ἆριστερδι
1579 1234 1698 1301 μέρη
1730 1239 1815 1300 τῆς
1846 1231 1938 1301 μή·

248 1334 362 1380 τρας
414 1314 667 1380 ἐρείδεται,
712 1310 743 1380 ἢ
793 1316 879 1380 μία
925 1314 1024 1381 χεὶρ
1073 1315 1163 1376 ἔξω
1203 1314 1416 1366 ἐκπίπτει
1453 1311 1486 1382 ἢ
1527 1318 1583 1366 αἱ
1617 1313 1734 1380 δύο,
1786 1312 1844 1366 τὰ
1884 1314 1938 1366 δὲ

188 1417 230 1451 15
255 1394 397 1461 σκέλη
438 1394 585 1447 ἔνδον
624 1392 932 1461 διεστήκασιν
970 1392 1058 1446 ἀπ’
1101 1392 1336 1461 ἀλλήλων.

359 1480 456 1527 τῶν
503 1475 556 1527 δὲ
606 1481 792 1528 λοιπῶν
839 1482 1179 1543 σχηματισμῶν
1224 1474 1439 1544 ἀμείνων
1485 1474 1512 1530 5
1558 1478 1638 1529 ἐπὶ
1684 1475 1843 1539 πόδας
1889 1477 1937 1529 τέ

250 1558 347 1610 ἐστι
385 1558 467 1609 καὶ
506 1556 707 1625 μάλιστα
746 1555 864 1610 ὅταν
899 1555 975 1609 ἐπ’
1012 1555 1211 1620 εὐθείας
1243 1558 1464 1660 φέρηται
1478 1563 1574 1611 τῶν
1605 1564 1779 1627 χειρῶν
1802 1555 1935 1626 παρὰ

248 1636 363 1700 τοὺς
415 1637 603 1706 μηροὺς
649 1639 1067 1707 παρατεταμένων.
1150 1661 1208 1690 τα
1256 1640 1309 1692 δὲ
1355 1663 1386 1708 η
1435 1641 1488 1693 ε’ν
1533 1662 1577 1692 τι
1614 1645 1712 1692 τῶν
1751 1643 1934 1692 σκελῶν

248 1715 617 1787 προβεβληκότα
661 1718 714 1773 τὸ
763 1720 816 1772 δὲ
863 1720 1025 1787 ἕτερον
1072 1721 1220 1774 ε’νδον
1269 1722 1462 1789 ε’χοντα,
1507 1745 1539 1789 η
1583 1721 1935 1789 δεδιπλωμένα,

185 1824 227 1856 20
250 1822 282 1867 η
339 1799 640 1869 ένερείδοντα
691 1822 785 1853 τινι
839 1801 968 1870 μέρει
1021 1806 1107 1868 τῆς
1155 1798 1356 1870 ὑστέρας
1407 1800 1719 1871 διορθώσεως
1778 1799 1940 1873 χρῄζει

251 1903 334 1934 και
371 1880 423 1935 τὸ
463 1904 548 1945 τας
586 1888 749 1951 χεῖρας
789 1880 1144 1950 ἆνατεταμένας
1182 1884 1306 1950 ε’χον.

362 1969 459 2015 τῶν
515 1963 568 2015 δὲ
621 1969 807 2018 λοιπῶν
859 1962 950 2015 δύο
1000 1969 1355 2031 σχηματισμῶν,
1387 1962 1603 2031 ἀμείνων
1649 1961 1675 2017 5
1720 1960 1937 2034 πλάγιος.

252 2051 377 2112 τρεῖς
413 2043 506 2113 γάρ
547 2047 638 2097 εἰσι
675 2043 872 2113 πλάγιοι
911 2048 1245 2113 σχηματισμοί,
1297 2043 1325 2098 ὅ
1362 2066 1410 2097 τε
1448 2046 1529 2097 ἐπὶ
1566 2043 1782 2114 πλευρὰν
1821 2043 1939 2099 ὅπο-

251 2125 395 2192 τέραν
434 2125 553 2192 <mci
600 2123 626 2178 5
666 2124 742 2178 ἐπ’
787 2125 950 2194 ἰσχία)
998 2126 1082 2178 καὶ
1120 2122 1146 2179 5
1187 2126 1266 2178 ἐπὶ
1302 2129 1507 2179 κοιλίαν.
1566 2124 1781 2194 ἀμείνων
1820 2127 1874 2179 δὲ
1913 2124 1939 2179 5

372 2282 398 2321 5
445 2278 585 2333 τριῶν
625 2293 649 2323 o
689 2279 822 2334 (corr.
855 2278 924 2334 E).
1108 2283 1133 2322 6
1181 2278 1243 2337 τῷ
1286 2292 1309 2322 c
1349 2278 1416 2333 (eb
1447 2277 1526 2333 qui
1556 2277 1672 2322 haec
1706 2278 1936 2336 excerpsit

253 2336 455 2394 Αθ131118)·
491 2333 543 2382 ἐν
575 2337 638 2395 τῷ
670 2337 721 2381 Ε.
875 2336 1179 2392 σφηνοῦσθαι
1210 2351 1234 2381 c
1268 2338 1399 2395 (corr.
1432 2336 1513 2407 D)
1561 2335 1667 2382 fort.
1702 2333 1940 2412 ἔνσφηνῶ-

253 2411 344 2440 ται.
480 2400 506 2440 8
540 2382 856 2440 αποθανόντα
889 2411 912 2441 c
945 2397 1078 2453 (corr.
1108 2396 1179 2452 E).
1312 2401 1364 2440 12
1399 2394 1460 2440 sl:
1495 2413 1524 2452 η
1558 2410 1595 2440 ο.
1719 2400 1775 2440 14
1807 2393 1942 2467 εμπί-

254 2469 360 2498 πτει
392 2469 416 2499 c
449 2457 583 2510 (corr.
614 2455 654 2498 D
682 2477 738 2492 =
761 2455 898 2512 Aet..)
1031 2460 1085 2499 16
1118 2455 1291 2499 λοιπῶν
1323 2454 1450 2501 Αο13..
1483 2468 1573 2499 om.
1607 2469 1644 2499 c.
1765 2452 1940 2522 σχημά-

254 2529 347 2557 των
379 2515 450 2582 (ut
468 2514 601 2587 Aet.)
635 2528 658 2559 0
691 2515 824 2571 (corr.
858 2515 931 2570 1)).
1058 2519 1111 2559 17
1145 2509 1343 2565 εὐθείας
1373 2514 1454 2558 1⁴32:
1489 2510 1689 2558 εὖθειάν
1722 2513 1821 2586 (sic)
1856 2527 1892 2560 ο

257 2577 312 2616 18
344 2569 402 2615 τὰ
434 2567 548 2628 ὃεη
583 2571 634 2617 ἔν
666 2589 758 2616 τινι
791 2573 894 2643 (sic)
928 2587 952 2616 c
984 2574 1049 2630 (et
1080 2573 1256 2627 Aet-ius,
1291 2589 1342 2617 εν
1373 2589 1417 2615 τι
1448 2572 1518 2629 Ε).
1663 2577 1718 2616 21
1755 2570 1879 2629 ἔχειν
1913 2587 1937 2617 0

256 2628 443 2706 (ἔχοντα
473 2630 611 2701 Aea).
733 2637 789 2676 23
822 2628 912 2689 γὰρ
945 2632 1029 2688 (sie
1055 2633 1104 2676 et
1125 2607 1272 2698 Aet3⁷:)
1304 2629 1358 2676 δὲ
1391 2631 1442 2676 Ε.
1594 2628 1829 2688 ὁποτέραν
1859 2631 1940 2676 καὶ

261 2706 285 2733 ο
328 2686 406 2734 ἐπὶ
446 2687 638 2734 σκολιὰν
671 2704 695 2734 c
727 2691 925 2746 (κοιλίαν
956 2692 1061 2735 Aet.
1108 2691 1188 2735 sed
1219 2690 1267 2734 in
1297 2704 1443 2747 marg.
1479 2690 1579 2736 eod.
1613 2690 1766 2748 Weig.
1797 2691 1942 2735 habet

258 2764 314 2789 π»
344 2748 451 2793 vitii
484 2763 545 2795 sc.
578 2748 778 2806 signum.
842 2747 898 2793 cf.
937 2763 1056 2804 quae
1089 2748 1415 2823 suprascripta.
1431 2748 1662 2820 leguntur
1679 2749 1729 2793 in
1760 2764 1784 2794 c
1815 2749 1939 2817 apud

256 2806 297 2850 D
330 2822 374 2863 p.
404 2812 485 2852 103
518 2823 563 2852 n.
591 2812 644 2852 11
692 2810 739 2852 et
780 2807 903 2853 infra
944 2808 1009 2866 ΙΙ,
1043 2813 1099 2853 60
1139 2809 1236 2853 sive
1276 2806 1449 2866 πρηνὲς
1489 2807 1586 2854 sive
1630 2803 1798 2853 ὕπτιον
1841 2808 1938 2852 sive

260 2862 337 2909 ἐπὶ
368 2863 608 2925 πλευρὰν).
