2014 3162
864 152 1230 204 -14—

201 288 391 339 scilicet
445 295 495 338 et
548 288 800 338 moderato
855 289 1116 354 sanguine,
1172 287 1414 336 orificium
1467 288 1614 336 etiam
1667 287 1887 336 matricis

201 370 394 413 rectum
447 369 497 411 et
550 363 823 427 proximius
876 361 1115 411 hahentes
1182 376 1462 426 corpusque
1522 376 1666 410 omne
1724 375 1887 426 neque

201 439 347 486 nimis
401 436 582 486 durum
629 451 791 501 neque
832 435 969 484 valde
1009 435 1270 501 digestum,
1309 450 1423 484 cum
1462 437 1745 499 integritate
1785 437 1885 484 ani-

200 525 308 560 mae
349 518 398 559 et
436 510 695 560 hilaritate.

60 593 180 650 (10)*
317 582 402 634 33.
443 584 585 642 Quod
626 592 702 634 est
732 585 1039 648 aptissimum
1072 589 1268 647 tempus
1298 582 1496 632 mulieri
1520 582 1579 631 ad
1610 583 1891 647 concipien-

157 670 177 701 6
203 655 358 708 dum?

311 734 363 781 in
403 731 727 782 declinatione
754 732 1076 797 purgationiS,
1116 729 1402 780 subiacente
1435 729 1683 779 desiderio
1716 731 1890 796 coitus,

201 807 268 855 ita
307 813 363 855 ut
401 821 562 871 neque
603 805 899 855 alumdantia
939 804 1038 854 cibi
1067 804 1269 869 plenum
1300 803 1478 854 habeat
1508 818 1691 869 corpus
1726 818 1888 869 neque

200 882 446 944 paucitate
485 881 647 945 inane,
687 887 736 929 et
766 886 879 944 post
910 880 1215 928 curationem
1247 880 1485 945 corporiS,
1525 879 1591 927 ita
1621 879 1727 927 viro
1761 892 1890 927 oom-

134 966 175 997 10
199 955 480 1003 misceatur.
1507 1005 1513 1015 ,

79 1036 171 1093 (11)
312 1024 398 1076 34.
440 1026 808 1077 saluberrimus
849 1033 925 1076 est
964 1028 1095 1076 enim
1137 1023 1448 1091 conceptus?

310 1116 409 1150 non
450 1100 648 1165 quidem
688 1097 804 1166 (si)
851 1102 1040 1165 ingenti
1077 1101 1304 1164 corporis
1342 1099 1510 1149 labore
1549 1106 1599 1149 et
1638 1106 1886 1150 tormento

197 1175 493 1239 perferatur.
549 1176 853 1224 successioni
893 1182 1057 1224 autem
1096 1174 1208 1239 plus
1241 1189 1388 1238 quam
1418 1176 1698 1223 necessaria
1724 1171 1887 1239 <sani-

198 1245 323 1313 tati>
362 1250 576 1298 retentio
615 1263 954 1313 perseverans.
1017 1247 1241 1298 animal-is
1279 1263 1397 1297 vero
1438 1247 1719 1298 animalium
1750 1262 1887 1297 cum-

131 1333 174 1365 15
201 1337 296 1387 que
336 1321 551 1371 naturali
590 1324 783 1371 ratione
824 1328 874 1382 et
910 1324 1207 1372 necessitate
1249 1322 1479 1372 efficitur.

78 1407 170 1462 (12)
307 1392 392 1446 35.
433 1395 569 1453 Quae
609 1402 726 1445 sunt
764 1397 902 1461 signa
942 1395 1249 1460 conceptus?

309 1471 538 1534 quotiens
577 1472 629 1518 in
668 1471 765 1519 fine
805 1471 966 1520 coitus
1005 1469 1185 1518 horror
1218 1469 1414 1533 quidam
1445 1468 1641 1519 mulieri
1666 1471 1885 1519 occurrit

195 1545 458 1608 ipsumque
506 1544 750 1593 orificium
806 1543 977 1592 vulvae
1034 1543 1244 1592 conduci
1291 1549 1342 1592 et
1380 1542 1609 1593 concludi
1657 1545 1885 1608 sentitur,

195 1617 427 1682 nullaque
482 1616 690 1682 reliquia
745 1619 948 1666 seminis
997 1619 1161 1666 sinum
1212 1616 1505 1666 muliebrem
1543 1624 1763 1667 umectat
1801 1624 1885 1666 aut

128 1703 171 1735 20
195 1691 332 1740 valde
372 1690 622 1740 modicum
661 1699 896 1740 remanet.

312 1788 354 1845 ³¹⁶)
387 1788 444 1843 cf.
482 1787 600 1834 Cael.
633 1790 791 1834 Aurel.
824 1789 910 1843 fr„-
942 1788 1132 1834 Hermes
1165 1787 1262 1843 IV,
1287 1791 1388 1833 143.

315 1883 337 1921 1
372 1878 516 1922 etiam
549 1878 585 1921 Z:
618 1890 701 1922 om.
734 1878 760 1921 b
793 1878 870 1934 (h).
994 1882 1020 1921 2
1053 1876 1242 1933 proxior
1274 1878 1322 1933 b,
1360 1876 1634 1934 proximiore
1665 1878 1726 1933 bo,
1758 1880 1832 1921 -rfl
1865 1877 1881 1921 Ζ

195 1940 281 1993 (we
311 1938 373 1993 h),
402 1938 462 1992 cf.
496 1934 857 1993 προκοπώτερον
890 1935 988 1981 Sor.
1014 1950 1065 1993 p.
1091 1939 1169 1992 43,
1195 1939 1268 1981 16.
1451 1941 1586 1981 omne
1619 1937 1684 1981 bl.
1851 1940 1877 1980 5
1915 1954 1918 1957 ·

196 1995 330 2049 Quod
362 1997 448 2054 (h):
483 1995 610 2049 Quae
643 1996 708 2039 bl.
830 1996 904 2040 est
935 1996 1011 2040 lh:
1046 1995 1136 2039 erit
1167 1996 1206 2040 b.
1328 1994 1522 2040 muliere
1556 1995 1596 2051 b,
1628 1995 1707 2040 -ris
1739 1995 1804 2040 lh.

194 2061 220 2099 9
252 2055 415 2100 inanes
446 2056 498 2106 b,
532 2053 622 2099 -nis
655 2055 719 2099 lh.
874 2053 1110 2099 curatione
1142 2055 1195 2099 bl
1228 2051 1366 2112 (μετὰ
1397 2051 1484 2111 τὴν
1515 2049 1879 2111 ἀποθεραπείαν

193 2115 293 2159 Sor.
322 2129 371 2171 p.
396 2117 470 2168 47,
494 2115 545 2171 2)
689 2113 758 2158 ita.
788 2113 889 2158 viro
922 2115 957 2158 l:
989 2113 1104 2169 item
1136 2115 1203 2171 b0)
1235 2128 1345 2159 vero
1380 2115 1418 2159 b.
1571 2113 1880 2159 comisceatur

194 2175 266 2218 lh:
307 2173 557 2218 misceatur
590 2173 616 2217 b
649 2173 802 2228 (ambo
835 2172 985 2217 simul.
1020 2171 1140 2225 Quid
1172 2175 1246 2217 est.
1275 2174 1528 2230 conceptus
1561 2174 1665 2218 add.
1699 2173 1744 2229 h,
1773 2173 1881 2218 item

195 2231 361 2289 Cant).
504 2237 555 2275 11
592 2232 898 2276 saluberrimi]
932 2234 948 2276 Ζ
979 2233 1058 2289 (h),
1091 2246 1188 2276 -ma
1218 2233 1258 2277 b.
1390 2237 1445 2276 12
1475 2245 1570 2276 non
1602 2231 1740 2288 quide
1773 2233 1799 2277 b
1832 2235 1881 2288 (ᾗ

193 2292 283 2348 qde
314 2293 383 2348 h):
414 2305 538 2335 nunc
570 2291 758 2347 quidem
792 2293 819 2336 Ζ.
942 2291 982 2335 si
1012 2292 1191 2348 addidi,
1222 2296 1275 2336 ut
1303 2292 1436 2347 infra
1467 2290 1660 2336 sanitati
1691 2292 1762 2347 (9).

191 2350 353 2396 labore
386 2352 458 2395 lh:
493 2364 575 2395 om.
610 2351 650 2395 b.
786 2355 840 2395 13
874 2351 1163 2395 successione
1197 2351 1283 2407 (mi
1315 2352 1367 2408 Ζ).
1388 2386 1397 2397 .
1418 2353 1533 2408 ,(15)
1565 2350 1783 2395 efficitur:
1814 2351 1881 2397 sic

192 2422 353 2455 omnes.
417 2411 475 2465 cf.
508 2410 678 2456 Anecd.
711 2409 780 2453 II
819 2424 867 2466 p.
900 2413 1011 2463 191,
1046 2413 1075 2455 7
1120 2411 1202 2455 ubi
1239 2423 1332 2467 pro
1379 2409 1726 2455 concessionem
1757 2410 1879 2466 leyas

193 2469 544 2514 successionem.
693 2473 747 2512 14
779 2468 1015 2513 animalis:
1048 2470 1082 2521 f.
1114 2470 1196 2525 leq.
1227 2468 1467 2515 naturalis.
1605 2472 1661 2512 15
1691 2467 1879 2513 racione

193 2529 219 2574 b
253 2529 335 2585 (h):
368 2542 451 2574 om.
485 2529 513 2573 Ζ.
660 2533 714 2572 16
748 2528 876 2581 Quae
909 2529 994 2572 bh:
1029 2526 1164 2580 Quod
1195 2529 1212 2573 Ζ
1242 2530 1341 2586 (qui
1365 2533 1472 2584 post
1501 2541 1629 2574 conc.
1661 2528 1794 2573 addit
1823 2540 1881 2573 ex

190 2601 264 2645 qu.
297 2602 382 2646 seq.
415 2586 612 2631 masculi
644 2587 692 2632 et
721 2586 927 2647 femine).
1081 2592 1135 2632 17
1179 2588 1228 2631 in
1267 2589 1408 2633 finem
1446 2583 1587 2643 (κατὰ
1628 2583 1680 2630 τὸ
1715 2585 1881 2644 πέρας)

193 2648 265 2692 lh:
297 2647 348 2691 in
377 2647 511 2690 finito
545 2646 583 2690 b.
706 2646 895 2702 quidem
926 2647 965 2690 b.
1091 2650 1145 2691 18
1178 2647 1398 2691 conducit
1430 2647 1478 2691 et
1509 2645 1747 2691 concludis
1778 2657 1880 2690 sen-

191 2707 269 2750 tur
300 2707 339 2751 b.
465 2710 518 2750 19
550 2706 682 2750 nulla
713 2719 832 2762 quae
866 2705 967 2759 blh,
999 2706 1160 2750 deiude
1189 2706 1446 2762 reliquiar-si
1471 2707 1497 2751 b
1531 2705 1797 2761 (reliquiam
1828 2705 1877 2761 Ζ),

192 2765 373 2822 reliquii
405 2766 446 2809 h.
569 2764 777 2809 mulieris
810 2765 850 2820 b,
885 2764 947 2808 -ri
979 2764 994 2808 Ζ
1026 2763 1293 2819 (muliebriu
1324 2766 1384 2821 h).
1505 2777 1686 2808 umecv
1722 2764 1763 2819 b,
1794 2763 1879 2807 hu-

191 2826 369 2870 mectat
401 2826 417 2868 Ζ
449 2825 613 2881 (iactat
642 2825 702 2881 h).
839 2826 941 2868 aut:
975 2835 1030 2867 ac
1062 2824 1103 2878 b,
1136 2825 1183 2867 et
1212 2824 1241 2867 h
1273 2822 1339 2879 (id
1369 2838 1453 2868 uas
1484 2823 1545 2868 ad
1574 2822 1810 2867 modicum
1841 2837 1876 2866 r.

193 2885 229 2928 lc
259 2885 290 2931 i.
323 2898 357 2929 e.
390 2888 644 2928 atramento
675 2884 877 2940 niyriore
907 2883 1125 2928 inductus
1157 2883 1204 2938 Ζ).
1328 2887 1385 2927 20
1415 2883 1659 2927 remaneat
1691 2883 1730 2926 b.
