<?xml version="1.0" encoding="UTF-8"?>
<!DOCTYPE html PUBLIC "-//W3C//DTD XHTML 1.0 Transitional//EN"
    "http://www.w3.org/TR/xhtml1/DTD/xhtml1-transitional.dtd">
<html xmlns="http://www.w3.org/1999/xhtml" xml:lang="en" lang="en">
 <head>
  <title>
</title>
<meta http-equiv="Content-Type" content="text/html;charset=utf-8" />
  <meta name='ocr-system' content='tesseract 3.04.00' />
  <meta name='ocr-capabilities' content='ocr_page ocr_carea ocr_par ocr_line ocrx_word'/>
</head>
<body>
  <div class='ocr_page' id='page_1' title='image "./gynaeciorumvetus00sorauoft_0172.png"; bbox 0 0 2014 3162; ppageno 0'>
   <div class='ocr_carea' id='block_1_1' title="bbox 787 102 1187 166">
    <p class='ocr_par' dir='ltr' id='par_1_1' title="bbox 787 102 1187 166">
     <span class='ocr_line' id='line_1_1' title="bbox 787 102 1187 166; baseline 0.003 -12"><span class='ocrx_word' id='word_1_1' title='bbox 787 102 1042 166; x_wconf 10' lang='lat'>—,.148</span> <span class='ocrx_word' id='word_1_2' title='bbox 1124 133 1187 140; x_wconf 89' lang='lat'>—</span> 
     </span>
    </p>
   </div>
   <div class='ocr_carea' id='block_1_2' title="bbox 151 230 1840 347">
    <p class='ocr_par' dir='ltr' id='par_1_2' title="bbox 151 230 1840 347">
     <span class='ocr_line' id='line_1_2' title="bbox 153 230 1840 289; baseline 0 -13"><span class='ocrx_word' id='word_1_3' title='bbox 153 230 414 287; x_wconf 89' lang='lat' dir='ltr'>cucurbita,</span> <span class='ocrx_word' id='word_1_4' title='bbox 453 231 679 288; x_wconf 81' lang='lat' dir='ltr'>dropace,</span> <span class='ocrx_word' id='word_1_5' title='bbox 714 230 980 287; x_wconf 85' lang='lat' dir='ltr'>fricatione,</span> <span class='ocrx_word' id='word_1_6' title='bbox 1012 231 1230 288; x_wconf 77' lang='lat' dir='ltr'>psilotro,</span> <span class='ocrx_word' id='word_1_7' title='bbox 1261 233 1541 289; x_wconf 86' lang='lat' dir='ltr'>smegmate,</span> <span class='ocrx_word' id='word_1_8' title='bbox 1573 230 1840 289; x_wconf 83' lang='lat' dir='ltr'>sinapismo,</span> 
     </span>
     <span class='ocr_line' id='line_1_3' title="bbox 151 289 1230 347; baseline -0.002 -12"><span class='ocrx_word' id='word_1_9' title='bbox 151 290 332 335; x_wconf 86' lang='lat' dir='ltr'>vomitu</span> <span class='ocrx_word' id='word_1_10' title='bbox 363 303 419 335; x_wconf 87' lang='lat' dir='ltr'>ex</span> <span class='ocrx_word' id='word_1_11' title='bbox 450 289 640 347; x_wconf 86' lang='lat' dir='ltr'>rafanis,</span> <span class='ocrx_word' id='word_1_12' title='bbox 673 290 841 335; x_wconf 84' lang='lat' dir='ltr'>balneo</span> <span class='ocrx_word' id='word_1_13' title='bbox 873 293 922 335; x_wconf 91' lang='lat' dir='ltr'>et</span> <span class='ocrx_word' id='word_1_14' title='bbox 951 290 1081 335; x_wconf 81' lang='lat' dir='ltr'>vario</span> <span class='ocrx_word' id='word_1_15' title='bbox 1114 289 1230 335; x_wconf 90' lang='lat' dir='ltr'>cibo.</span> 
     </span>
    </p>
   </div>
   <div class='ocr_carea' id='block_1_3' title="bbox 34 437 1840 658">
    <p class='ocr_par' dir='ltr' id='par_1_3' title="bbox 34 437 1840 658">
     <span class='ocr_line' id='line_1_4' title="bbox 911 437 1057 481; baseline 0.007 -1"><span class='ocrx_word' id='word_1_16' title='bbox 911 437 955 481; x_wconf 91' lang='grc' dir='ltr'>ΙΙ</span> <span class='ocrx_word' id='word_1_17' title='bbox 1004 441 1057 481; x_wconf 83' lang='grc'>15</span> 
     </span>
     <span class='ocr_line' id='line_1_5' title="bbox 724 473 1271 567; baseline 0.002 -11"><span class='ocrx_word' id='word_1_18' title='bbox 724 510 869 567; x_wconf 75' lang='lat' dir='ltr'>(Orib.</span> <span class='ocrx_word' id='word_1_19' title='bbox 902 473 981 556; x_wconf 51' lang='lat' dir='ltr'>lai.</span> <span class='ocrx_word' id='word_1_20' title='bbox 1023 510 1112 566; x_wconf 87' lang='lat' dir='ltr'>VI,</span> <span class='ocrx_word' id='word_1_21' title='bbox 1145 512 1271 566; x_wconf 81' lang='lat'><em>362).</em></span> 
     </span>
     <span class='ocr_line' id='line_1_6' title="bbox 34 598 1840 658; baseline 0 -14"><span class='ocrx_word' id='word_1_22' title='bbox 34 601 127 658; x_wconf 83' lang='lat'>(50)</span> <span class='ocrx_word' id='word_1_23' title='bbox 271 600 520 646; x_wconf 89' lang='lat' dir='ltr'>Uncationi</span> <span class='ocrx_word' id='word_1_24' title='bbox 567 599 821 658; x_wconf 86' lang='lat' dir='ltr'>digitorum</span> <span class='ocrx_word' id='word_1_25' title='bbox 868 599 1084 644; x_wconf 87' lang='lat' dir='ltr'>similiter</span> <span class='ocrx_word' id='word_1_26' title='bbox 1130 611 1181 643; x_wconf 92' lang='lat' dir='ltr'>os</span> <span class='ocrx_word' id='word_1_27' title='bbox 1228 598 1435 643; x_wconf 91' lang='lat' dir='ltr'>matricis</span> <span class='ocrx_word' id='word_1_28' title='bbox 1483 598 1703 643; x_wconf 84' lang='lat' dir='ltr'>affectum</span> <span class='ocrx_word' id='word_1_29' title='bbox 1743 599 1840 644; x_wconf 86' lang='lat' dir='ltr'>sive</span> 
     </span>
    </p>
   </div>
   <div class='ocr_carea' id='block_1_4' title="bbox 85 657 1844 1781">
    <p class='ocr_par' dir='ltr' id='par_1_4' title="bbox 85 657 1844 1766">
     <span class='ocr_line' id='line_1_7' title="bbox 153 657 1842 714; baseline -0.001 -11"><span class='ocrx_word' id='word_1_30' title='bbox 153 659 326 704; x_wconf 86' lang='lat' dir='ltr'>collum</span> <span class='ocrx_word' id='word_1_31' title='bbox 371 659 655 704; x_wconf 82' lang='lat' dir='ltr'>inversiones</span> <span class='ocrx_word' id='word_1_32' title='bbox 704 659 844 714; x_wconf 87' lang='lat' dir='ltr'>atque</span> <span class='ocrx_word' id='word_1_33' title='bbox 896 657 1224 703; x_wconf 75' lang='lat' dir='ltr'>inclinationes</span> <span class='ocrx_word' id='word_1_34' title='bbox 1279 657 1478 702; x_wconf 84' lang='lat' dir='ltr'>sustinet</span> <span class='ocrx_word' id='word_1_35' title='bbox 1532 659 1580 703; x_wconf 92' lang='lat' dir='ltr'>et</span> <span class='ocrx_word' id='word_1_36' title='bbox 1625 671 1747 702; x_wconf 89' lang='lat' dir='ltr'>nunc</span> <span class='ocrx_word' id='word_1_37' title='bbox 1792 658 1842 702; x_wconf 91' lang='lat' dir='ltr'>in</span> 
     </span>
     <span class='ocr_line' id='line_1_8' title="bbox 107 715 1842 776; baseline 0.002 -17"><span class='ocrx_word' id='word_1_38' title='bbox 107 726 128 759; x_wconf 82' lang='lat'><strong>5</strong></span> <span class='ocrx_word' id='word_1_39' title='bbox 153 717 345 774; x_wconf 88' lang='lat' dir='ltr'>obliqua</span> <span class='ocrx_word' id='word_1_40' title='bbox 383 732 504 762; x_wconf 91' lang='lat' dir='ltr'>nunc</span> <span class='ocrx_word' id='word_1_41' title='bbox 543 718 592 762; x_wconf 92' lang='lat' dir='ltr'>in</span> <span class='ocrx_word' id='word_1_42' title='bbox 631 718 865 763; x_wconf 85' lang='lat' dir='ltr'>anteriora</span> <span class='ocrx_word' id='word_1_43' title='bbox 894 731 951 762; x_wconf 89' lang='lat' dir='ltr'>ac</span> <span class='ocrx_word' id='word_1_44' title='bbox 981 717 1219 774; x_wconf 87' lang='lat' dir='ltr'>superiora</span> <span class='ocrx_word' id='word_1_45' title='bbox 1249 716 1326 761; x_wconf 82' lang='lat' dir='ltr'>vel</span> <span class='ocrx_word' id='word_1_46' title='bbox 1355 716 1617 773; x_wconf 75' lang='lat' dir='ltr'>posteriora</span> <span class='ocrx_word' id='word_1_47' title='bbox 1647 715 1730 776; x_wconf 87' lang='lat' dir='ltr'>&lt;et</span> <span class='ocrx_word' id='word_1_48' title='bbox 1769 718 1842 762; x_wconf 89' lang='lat' dir='ltr'>in-</span> 
     </span>
     <span class='ocr_line' id='line_1_9' title="bbox 151 775 1843 836; baseline 0 -14"><span class='ocrx_word' id='word_1_49' title='bbox 151 775 368 836; x_wconf 77' lang='lat' dir='ltr'>feriora),</span> <span class='ocrx_word' id='word_1_50' title='bbox 402 778 484 821; x_wconf 88' lang='lat' dir='ltr'>aut</span> <span class='ocrx_word' id='word_1_51' title='bbox 514 777 678 834; x_wconf 86' lang='lat' dir='ltr'>refuga</span> <span class='ocrx_word' id='word_1_52' title='bbox 708 776 769 820; x_wconf 87' lang='lat' dir='ltr'>ad</span> <span class='ocrx_word' id='word_1_53' title='bbox 798 776 1019 820; x_wconf 88' lang='lat' dir='ltr'>interiora</span> <span class='ocrx_word' id='word_1_54' title='bbox 1050 776 1321 821; x_wconf 83' lang='lat' dir='ltr'>sustollitur.</span> <span class='ocrx_word' id='word_1_55' title='bbox 1370 789 1490 832; x_wconf 90' lang='lat' dir='ltr'>quae</span> <span class='ocrx_word' id='word_1_56' title='bbox 1521 775 1706 834; x_wconf 87' lang='lat' dir='ltr'>singula</span> <span class='ocrx_word' id='word_1_57' title='bbox 1734 790 1843 833; x_wconf 91' lang='lat' dir='ltr'>pro-</span> 
     </span>
     <span class='ocr_line' id='line_1_10' title="bbox 152 834 1843 893; baseline -0.001 -13"><span class='ocrx_word' id='word_1_58' title='bbox 152 836 325 880; x_wconf 88' lang='lat' dir='ltr'>duntur</span> <span class='ocrx_word' id='word_1_59' title='bbox 370 835 639 881; x_wconf 79' lang='lat' dir='ltr'>inmissione</span> <span class='ocrx_word' id='word_1_60' title='bbox 695 834 960 893; x_wconf 83' lang='lat' dir='ltr'>digitorum.</span> <span class='ocrx_word' id='word_1_61' title='bbox 1039 836 1170 880; x_wconf 91' lang='lat' dir='ltr'>tactu</span> <span class='ocrx_word' id='word_1_62' title='bbox 1222 835 1346 879; x_wconf 90' lang='lat' dir='ltr'>enim</span> <span class='ocrx_word' id='word_1_63' title='bbox 1392 834 1594 892; x_wconf 88' lang='lat' dir='ltr'>probata</span> <span class='ocrx_word' id='word_1_64' title='bbox 1646 835 1843 880; x_wconf 85' lang='lat' dir='ltr'>sentitur</span> 
     </span>
     <span class='ocr_line' id='line_1_11' title="bbox 150 893 1842 952; baseline -0.001 -13"><span class='ocrx_word' id='word_1_65' title='bbox 150 895 200 939; x_wconf 92' lang='lat' dir='ltr'>in</span> <span class='ocrx_word' id='word_1_66' title='bbox 231 908 373 951; x_wconf 89' lang='lat' dir='ltr'>quam</span> <span class='ocrx_word' id='word_1_67' title='bbox 403 897 588 952; x_wconf 88' lang='lat' dir='ltr'>partem</span> <span class='ocrx_word' id='word_1_68' title='bbox 615 894 759 940; x_wconf 87' lang='lat' dir='ltr'>fuerit</span> <span class='ocrx_word' id='word_1_69' title='bbox 790 907 965 950; x_wconf 86' lang='lat' dir='ltr'>eversa,</span> <span class='ocrx_word' id='word_1_70' title='bbox 998 893 1342 939; x_wconf 87' lang='lat' dir='ltr'>adtestantibus</span> <span class='ocrx_word' id='word_1_71' title='bbox 1374 893 1540 938; x_wconf 88' lang='lat' dir='ltr'>ceteris</span> <span class='ocrx_word' id='word_1_72' title='bbox 1574 893 1733 952; x_wconf 88' lang='lat' dir='ltr'>signis.</span> <span class='ocrx_word' id='word_1_73' title='bbox 1777 896 1842 938; x_wconf 92' lang='lat' dir='ltr'>et-</span> 
     </span>
     <span class='ocr_line' id='line_1_12' title="bbox 152 952 1839 1011; baseline 0.001 -13"><span class='ocrx_word' id='word_1_74' title='bbox 152 953 276 998; x_wconf 87' lang='lat' dir='ltr'>enim</span> <span class='ocrx_word' id='word_1_75' title='bbox 306 953 356 998; x_wconf 91' lang='lat' dir='ltr'>in</span> <span class='ocrx_word' id='word_1_76' title='bbox 389 954 485 999; x_wconf 90' lang='lat' dir='ltr'>obli</span> <span class='ocrx_word' id='word_1_77' title='bbox 487 969 630 1011; x_wconf 90' lang='lat' dir='ltr'>quum</span> <span class='ocrx_word' id='word_1_78' title='bbox 659 953 788 998; x_wconf 86' lang='lat' dir='ltr'>facta</span> <span class='ocrx_word' id='word_1_79' title='bbox 811 953 1130 1008; x_wconf 89' lang='lat' dir='ltr'>inclinatione,</span> <span class='ocrx_word' id='word_1_80' title='bbox 1161 953 1349 998; x_wconf 85' lang='lat' dir='ltr'>femoris</span> <span class='ocrx_word' id='word_1_81' title='bbox 1372 952 1525 997; x_wconf 91' lang='lat' dir='ltr'>tensio</span> <span class='ocrx_word' id='word_1_82' title='bbox 1551 966 1656 997; x_wconf 90' lang='lat' dir='ltr'>cum</span> <span class='ocrx_word' id='word_1_83' title='bbox 1680 953 1839 999; x_wconf 87' lang='lat' dir='ltr'>dolore</span> 
     </span>
     <span class='ocr_line' id='line_1_13' title="bbox 85 1003 1842 1071; baseline 0.001 -16"><span class='ocrx_word' id='word_1_84' title='bbox 85 1022 128 1054; x_wconf 78' lang='grc' dir='ltr'>ιο</span> <span class='ocrx_word' id='word_1_85' title='bbox 151 1013 230 1057; x_wconf 77' lang='lat' dir='ltr'>vel</span> <span class='ocrx_word' id='word_1_86' title='bbox 266 1014 455 1070; x_wconf 86' lang='lat' dir='ltr'>torpore</span> <span class='ocrx_word' id='word_1_87' title='bbox 496 1013 704 1071; x_wconf 86' lang='lat' dir='ltr'>sequitur</span> <span class='ocrx_word' id='word_1_88' title='bbox 750 1013 798 1056; x_wconf 84' lang='lat' dir='ltr'>et</span> <span class='ocrx_word' id='word_1_89' title='bbox 836 1011 1089 1068; x_wconf 90' lang='lat' dir='ltr'>aliquando</span> <span class='ocrx_word' id='word_1_90' title='bbox 1129 1011 1414 1056; x_wconf 91' lang='lat' dir='ltr'>nutrimento</span> <span class='ocrx_word' id='word_1_91' title='bbox 1455 1003 1686 1067; x_wconf 85' lang='lat' dir='ltr'>cessante,</span> <span class='ocrx_word' id='word_1_92' title='bbox 1732 1014 1842 1057; x_wconf 91' lang='lat' dir='ltr'>tunc</span> 
     </span>
     <span class='ocr_line' id='line_1_14' title="bbox 151 1069 1841 1128; baseline 0 -12"><span class='ocrx_word' id='word_1_93' title='bbox 151 1069 297 1116; x_wconf 86' lang='lat' dir='ltr'>etiam</span> <span class='ocrx_word' id='word_1_94' title='bbox 341 1071 513 1128; x_wconf 87' lang='lat' dir='ltr'>frigido</span> <span class='ocrx_word' id='word_1_95' title='bbox 561 1072 826 1116; x_wconf 87' lang='lat' dir='ltr'>adtestante</span> <span class='ocrx_word' id='word_1_96' title='bbox 879 1074 1070 1128; x_wconf 88' lang='lat' dir='ltr'>torpore</span> <span class='ocrx_word' id='word_1_97' title='bbox 1127 1086 1233 1115; x_wconf 89' lang='lat' dir='ltr'>cum</span> <span class='ocrx_word' id='word_1_98' title='bbox 1286 1070 1603 1128; x_wconf 87' lang='lat' dir='ltr'>inpedimento</span> <span class='ocrx_word' id='word_1_99' title='bbox 1657 1085 1841 1128; x_wconf 86' lang='lat' dir='ltr'>gressus</span> 
     </span>
     <span class='ocr_line' id='line_1_15' title="bbox 152 1130 1844 1187; baseline 0 -13"><span class='ocrx_word' id='word_1_100' title='bbox 152 1132 295 1187; x_wconf 90' lang='lat' dir='ltr'>atque</span> <span class='ocrx_word' id='word_1_101' title='bbox 327 1131 544 1176; x_wconf 88' lang='lat' dir='ltr'>statione.</span> <span class='ocrx_word' id='word_1_102' title='bbox 602 1144 655 1175; x_wconf 89' lang='lat' dir='ltr'>ac</span> <span class='ocrx_word' id='word_1_103' title='bbox 688 1131 728 1175; x_wconf 93' lang='lat' dir='ltr'>si</span> <span class='ocrx_word' id='word_1_104' title='bbox 750 1130 800 1175; x_wconf 90' lang='lat' dir='ltr'>in</span> <span class='ocrx_word' id='word_1_105' title='bbox 829 1131 1108 1175; x_wconf 87' lang='lat' dir='ltr'>anteriorem</span> <span class='ocrx_word' id='word_1_106' title='bbox 1138 1131 1228 1174; x_wconf 87' lang='lat' dir='ltr'>hoc</span> <span class='ocrx_word' id='word_1_107' title='bbox 1260 1132 1332 1175; x_wconf 89' lang='lat' dir='ltr'>est</span> <span class='ocrx_word' id='word_1_108' title='bbox 1354 1131 1638 1187; x_wconf 86' lang='lat' dir='ltr'>superiorem</span> <span class='ocrx_word' id='word_1_109' title='bbox 1661 1132 1844 1187; x_wconf 87' lang='lat' dir='ltr'>partem</span> 
     </span>
     <span class='ocr_line' id='line_1_16' title="bbox 150 1187 1842 1257; baseline 0.001 -24"><span class='ocrx_word' id='word_1_110' title='bbox 150 1187 278 1234; x_wconf 83' lang='lat' dir='ltr'>facta</span> <span class='ocrx_word' id='word_1_111' title='bbox 315 1189 581 1242; x_wconf 87' lang='lat' dir='ltr'>inclinatio,</span> <span class='ocrx_word' id='word_1_112' title='bbox 621 1189 782 1234; x_wconf 89' lang='lat' dir='ltr'>urinae</span> <span class='ocrx_word' id='word_1_113' title='bbox 813 1188 1135 1256; x_wconf 86' lang='lat' dir='ltr'>inpedimenta</span> <span class='ocrx_word' id='word_1_114' title='bbox 1172 1190 1402 1243; x_wconf 87' lang='lat' dir='ltr'>secuntur,</span> <span class='ocrx_word' id='word_1_115' title='bbox 1433 1191 1545 1233; x_wconf 89' lang='lat' dir='ltr'>tunc</span> <span class='ocrx_word' id='word_1_116' title='bbox 1575 1188 1726 1234; x_wconf 89' lang='lat' dir='ltr'>tensio</span> <span class='ocrx_word' id='word_1_117' title='bbox 1746 1204 1842 1257; x_wconf 92' lang='lat' dir='ltr'>pu-</span> 
     </span>
     <span class='ocr_line' id='line_1_17' title="bbox 151 1223 1844 1305; baseline 0.001 -13"><span class='ocrx_word' id='word_1_118' title='bbox 151 1249 367 1303; x_wconf 90' lang='lat' dir='ltr'>betenus,</span> <span class='ocrx_word' id='word_1_119' title='bbox 415 1250 463 1293; x_wconf 90' lang='lat' dir='ltr'>et</span> <span class='ocrx_word' id='word_1_120' title='bbox 501 1224 782 1304; x_wconf 80' lang='lat' dir='ltr'>quibusdam</span> <span class='ocrx_word' id='word_1_121' title='bbox 819 1247 955 1305; x_wconf 90' lang='lat' dir='ltr'>copia</span> <span class='ocrx_word' id='word_1_122' title='bbox 1000 1249 1202 1305; x_wconf 87' lang='lat' dir='ltr'>negatur</span> <span class='ocrx_word' id='word_1_123' title='bbox 1247 1223 1416 1293; x_wconf 87' lang='lat' dir='ltr'>standi.</span> <span class='ocrx_word' id='word_1_124' title='bbox 1479 1247 1541 1292; x_wconf 89' lang='lat' dir='ltr'>ad</span> <span class='ocrx_word' id='word_1_125' title='bbox 1585 1247 1844 1305; x_wconf 86' lang='lat' dir='ltr'>posteriora</span> 
     </span>
     <span class='ocr_line' id='line_1_18' title="bbox 86 1305 1842 1373; baseline 0.003 -25"><span class='ocrx_word' id='word_1_126' title='bbox 86 1316 129 1349; x_wconf 85' lang='lat'>15</span> <span class='ocrx_word' id='word_1_127' title='bbox 152 1321 261 1352; x_wconf 85' lang='lat' dir='ltr'>vero</span> <span class='ocrx_word' id='word_1_128' title='bbox 293 1307 384 1351; x_wconf 91' lang='lat' dir='ltr'>hoc</span> <span class='ocrx_word' id='word_1_129' title='bbox 415 1308 487 1352; x_wconf 90' lang='lat' dir='ltr'>est</span> <span class='ocrx_word' id='word_1_130' title='bbox 516 1307 751 1373; x_wconf 88' lang='lat' dir='ltr'>inferiora,</span> <span class='ocrx_word' id='word_1_131' title='bbox 785 1305 989 1352; x_wconf 89' lang='lat' dir='ltr'>officium</span> <span class='ocrx_word' id='word_1_132' title='bbox 1026 1307 1204 1352; x_wconf 86' lang='lat' dir='ltr'>ventris</span> <span class='ocrx_word' id='word_1_133' title='bbox 1242 1307 1322 1364; x_wconf 90' lang='lat' dir='ltr'>inp</span> <span class='ocrx_word' id='word_1_134' title='bbox 1326 1306 1479 1352; x_wconf 88' lang='lat' dir='ltr'>editur</span> <span class='ocrx_word' id='word_1_135' title='bbox 1502 1307 1644 1364; x_wconf 89' lang='lat' dir='ltr'>atque</span> <span class='ocrx_word' id='word_1_136' title='bbox 1665 1307 1842 1366; x_wconf 86' lang='lat' dir='ltr'>egestio</span> 
     </span>
     <span class='ocr_line' id='line_1_19' title="bbox 152 1360 1842 1423; baseline 0.001 -13"><span class='ocrx_word' id='word_1_137' title='bbox 152 1365 448 1411; x_wconf 88' lang='lat' dir='ltr'>ventositatis</span> <span class='ocrx_word' id='word_1_138' title='bbox 479 1380 563 1423; x_wconf 90' lang='lat' dir='ltr'>per</span> <span class='ocrx_word' id='word_1_139' title='bbox 566 1360 821 1422; x_wconf 87' lang='lat' dir='ltr'>podicem,</span> <span class='ocrx_word' id='word_1_140' title='bbox 853 1367 964 1410; x_wconf 89' lang='lat' dir='ltr'>tunc</span> <span class='ocrx_word' id='word_1_141' title='bbox 990 1365 1134 1411; x_wconf 88' lang='lat' dir='ltr'>etiam</span> <span class='ocrx_word' id='word_1_142' title='bbox 1158 1365 1352 1411; x_wconf 88' lang='lat' dir='ltr'>sedendi</span> <span class='ocrx_word' id='word_1_143' title='bbox 1374 1365 1623 1411; x_wconf 85' lang='lat' dir='ltr'>difficultas</span> <span class='ocrx_word' id='word_1_144' title='bbox 1647 1366 1842 1423; x_wconf 84' lang='lat' dir='ltr'>accedit,</span> 
     </span>
     <span class='ocr_line' id='line_1_20' title="bbox 153 1424 1843 1483; baseline 0 -14"><span class='ocrx_word' id='word_1_145' title='bbox 153 1428 202 1469; x_wconf 89' lang='lat' dir='ltr'>et</span> <span class='ocrx_word' id='word_1_146' title='bbox 240 1425 390 1482; x_wconf 88' lang='lat' dir='ltr'>magis</span> <span class='ocrx_word' id='word_1_147' title='bbox 431 1425 471 1469; x_wconf 91' lang='lat' dir='ltr'>si</span> <span class='ocrx_word' id='word_1_148' title='bbox 507 1424 749 1470; x_wconf 88' lang='lat' dir='ltr'>inclinatio</span> <span class='ocrx_word' id='word_1_149' title='bbox 783 1425 843 1470; x_wconf 88' lang='lat' dir='ltr'>ad</span> <span class='ocrx_word' id='word_1_150' title='bbox 872 1425 1152 1470; x_wconf 84' lang='lat' dir='ltr'>verticulum</span> <span class='ocrx_word' id='word_1_151' title='bbox 1181 1425 1363 1483; x_wconf 89' lang='lat' dir='ltr'>podicis</span> <span class='ocrx_word' id='word_1_152' title='bbox 1394 1424 1537 1470; x_wconf 85' lang='lat' dir='ltr'>fuerit</span> <span class='ocrx_word' id='word_1_153' title='bbox 1566 1425 1707 1482; x_wconf 82' lang='lat' dir='ltr'>facta,</span> <span class='ocrx_word' id='word_1_154' title='bbox 1753 1426 1843 1471; x_wconf 89' lang='lat' dir='ltr'>hoc</span> 
     </span>
     <span class='ocr_line' id='line_1_21' title="bbox 155 1483 826 1541; baseline 0.001 -13"><span class='ocrx_word' id='word_1_155' title='bbox 155 1485 225 1529; x_wconf 90' lang='lat' dir='ltr'>est</span> <span class='ocrx_word' id='word_1_156' title='bbox 256 1484 316 1528; x_wconf 90' lang='lat' dir='ltr'>ad</span> <span class='ocrx_word' id='word_1_157' title='bbox 346 1483 535 1529; x_wconf 88' lang='lat' dir='ltr'>initium</span> <span class='ocrx_word' id='word_1_158' title='bbox 566 1483 826 1541; x_wconf 80' lang='lat' dir='ltr'>longaonis.</span> 
     </span>
     <span class='ocr_line' id='line_1_22' title="bbox 272 1542 1842 1600; baseline 0 -13"><span class='ocrx_word' id='word_1_159' title='bbox 272 1543 537 1588; x_wconf 88' lang='lat' dir='ltr'>adhibenda</span> <span class='ocrx_word' id='word_1_160' title='bbox 598 1546 669 1588; x_wconf 89' lang='lat' dir='ltr'>est</span> <span class='ocrx_word' id='word_1_161' title='bbox 731 1543 805 1588; x_wconf 91' lang='lat' dir='ltr'>his</span> <span class='ocrx_word' id='word_1_162' title='bbox 858 1543 1035 1588; x_wconf 85' lang='lat' dir='ltr'>curatio</span> <span class='ocrx_word' id='word_1_163' title='bbox 1089 1543 1138 1587; x_wconf 89' lang='lat' dir='ltr'>in</span> <span class='ocrx_word' id='word_1_164' title='bbox 1198 1543 1540 1589; x_wconf 85' lang='lat' dir='ltr'>accessionibus</span> <span class='ocrx_word' id='word_1_165' title='bbox 1603 1557 1721 1600; x_wconf 90' lang='lat' dir='ltr'>quae</span> <span class='ocrx_word' id='word_1_166' title='bbox 1781 1542 1842 1588; x_wconf 83' lang='lat' dir='ltr'>ad</span> 
     </span>
     <span class='ocr_line' id='line_1_23' title="bbox 89 1601 1840 1659; baseline 0.001 -14"><span class='ocrx_word' id='word_1_167' title='bbox 89 1613 132 1645; x_wconf 83' lang='lat'>20</span> <span class='ocrx_word' id='word_1_168' title='bbox 155 1601 546 1647; x_wconf 88' lang='lat' dir='ltr'>inflammationes</span> <span class='ocrx_word' id='word_1_169' title='bbox 586 1602 794 1647; x_wconf 87' lang='lat' dir='ltr'>matricis</span> <span class='ocrx_word' id='word_1_170' title='bbox 839 1602 961 1659; x_wconf 89' lang='lat' dir='ltr'>scrip</span> <span class='ocrx_word' id='word_1_171' title='bbox 964 1603 1014 1646; x_wconf 86' lang='lat' dir='ltr'>ta</span> <span class='ocrx_word' id='word_1_172' title='bbox 1058 1605 1151 1659; x_wconf 90' lang='lat' dir='ltr'>est,</span> <span class='ocrx_word' id='word_1_173' title='bbox 1206 1603 1256 1647; x_wconf 90' lang='lat' dir='ltr'>in</span> <span class='ocrx_word' id='word_1_174' title='bbox 1303 1601 1692 1648; x_wconf 87' lang='lat' dir='ltr'>declinationibus</span> <span class='ocrx_word' id='word_1_175' title='bbox 1730 1616 1840 1648; x_wconf 86' lang='lat' dir='ltr'>vero</span> 
     </span>
     <span class='ocr_line' id='line_1_24' title="bbox 155 1661 1842 1720; baseline 0.002 -16"><span class='ocrx_word' id='word_1_176' title='bbox 155 1675 273 1717; x_wconf 88' lang='lat' dir='ltr'>quae</span> <span class='ocrx_word' id='word_1_177' title='bbox 309 1661 545 1706; x_wconf 81' lang='lat' dir='ltr'>malaxare</span> <span class='ocrx_word' id='word_1_178' title='bbox 576 1663 785 1718; x_wconf 84' lang='lat' dir='ltr'>possunt.</span> <span class='ocrx_word' id='word_1_179' title='bbox 823 1661 1105 1718; x_wconf 86' lang='lat' dir='ltr'>prolongata</span> <span class='ocrx_word' id='word_1_180' title='bbox 1129 1663 1287 1706; x_wconf 89' lang='lat' dir='ltr'>autem</span> <span class='ocrx_word' id='word_1_181' title='bbox 1311 1661 1603 1720; x_wconf 86' lang='lat' dir='ltr'>aegritudine</span> <span class='ocrx_word' id='word_1_182' title='bbox 1627 1675 1842 1719; x_wconf 85' lang='lat' dir='ltr'>recorpo-</span> 
     </span>
     <span class='ocr_line' id='line_1_25' title="bbox 154 1718 1039 1781; baseline 0.001 -17"><span class='ocrx_word' id='word_1_183' title='bbox 154 1718 319 1781; x_wconf 85' lang='lat' dir='ltr'>rativis</span> <span class='ocrx_word' id='word_1_184' title='bbox 355 1719 598 1766; x_wconf 82' lang='lat' dir='ltr'>adiutoriis</span> <span class='ocrx_word' id='word_1_185' title='bbox 631 1720 924 1765; x_wconf 86' lang='lat' dir='ltr'>serviendum</span> <span class='ocrx_word' id='word_1_186' title='bbox 955 1723 1039 1765; x_wconf 81' lang='lat' dir='ltr'>est.</span> 
     </span>
    </p>
   </div>
   <div class='ocr_carea' id='block_1_5' title="bbox 154 1852 1903 2146">
    <p class='ocr_par' dir='ltr' id='par_1_5' title="bbox 154 1852 1903 2146">
     <span class='ocr_line' id='line_1_26' title="bbox 273 1852 1835 1898; baseline -0.001 -1"><span class='ocrx_word' id='word_1_187' title='bbox 273 1858 299 1897; x_wconf 89' lang='lat'><strong>3</strong></span> <span class='ocrx_word' id='word_1_188' title='bbox 332 1852 476 1897; x_wconf 86' lang='lat' dir='ltr'>simili</span> <span class='ocrx_word' id='word_1_189' title='bbox 505 1866 542 1898; x_wconf 85' lang='lat' dir='ltr'>c.</span> <span class='ocrx_word' id='word_1_190' title='bbox 685 1858 715 1897; x_wconf 87' lang='lat'>4</span> <span class='ocrx_word' id='word_1_191' title='bbox 746 1853 858 1898; x_wconf 89' lang='lat' dir='ltr'>colli</span> <span class='ocrx_word' id='word_1_192' title='bbox 888 1866 922 1898; x_wconf 88' lang='lat' dir='ltr'>c.</span> <span class='ocrx_word' id='word_1_193' title='bbox 1054 1853 1312 1898; x_wconf 84' lang='lat' dir='ltr'>sustineant</span> <span class='ocrx_word' id='word_1_194' title='bbox 1342 1867 1378 1898; x_wconf 84' lang='lat' dir='ltr'>c.</span> <span class='ocrx_word' id='word_1_195' title='bbox 1523 1857 1549 1898; x_wconf 87' lang='lat'>5</span> <span class='ocrx_word' id='word_1_196' title='bbox 1582 1852 1835 1898; x_wconf 88' lang='lat' dir='ltr'>anteriora:</span> 
     </span>
     <span class='ocr_line' id='line_1_27' title="bbox 155 1911 1903 1969; baseline 0.001 -13"><span class='ocrx_word' id='word_1_197' title='bbox 155 1911 327 1956; x_wconf 86' lang='lat' dir='ltr'>altiora</span> <span class='ocrx_word' id='word_1_198' title='bbox 357 1926 393 1957; x_wconf 85' lang='lat' dir='ltr'>c.</span> <span class='ocrx_word' id='word_1_199' title='bbox 546 1913 594 1956; x_wconf 89' lang='lat' dir='ltr'>et</span> <span class='ocrx_word' id='word_1_200' title='bbox 623 1911 846 1957; x_wconf 87' lang='lat' dir='ltr'>inferiora</span> <span class='ocrx_word' id='word_1_201' title='bbox 875 1913 972 1969; x_wconf 75' lang='lat' dir='ltr'>ipse</span> <span class='ocrx_word' id='word_1_202' title='bbox 1002 1913 1178 1958; x_wconf 76' lang='lat' dir='ltr'>addidi.</span> <span class='ocrx_word' id='word_1_203' title='bbox 1333 1918 1357 1957; x_wconf 79' lang='lat'>7</span> <span class='ocrx_word' id='word_1_204' title='bbox 1392 1912 1655 1957; x_wconf 88' lang='lat' dir='ltr'>sentiuntur</span> <span class='ocrx_word' id='word_1_205' title='bbox 1685 1925 1721 1957; x_wconf 86' lang='lat' dir='ltr'>c.</span> <span class='ocrx_word' id='word_1_206' title='bbox 1900 1954 1903 1957; x_wconf 14' lang='grc' dir='ltr'><em>Α</em></span> 
     </span>
     <span class='ocr_line' id='line_1_28' title="bbox 158 1971 1838 2017; baseline 0.001 -3"><span class='ocrx_word' id='word_1_207' title='bbox 158 1975 213 2014; x_wconf 89' lang='grc'>10</span> <span class='ocrx_word' id='word_1_208' title='bbox 245 1973 510 2016; x_wconf 89' lang='lat' dir='ltr'>accessante</span> <span class='ocrx_word' id='word_1_209' title='bbox 542 1975 767 2015; x_wconf 81' lang='lat' dir='ltr'>c.12</span> <span class='ocrx_word' id='word_1_210' title='bbox 801 1972 870 2015; x_wconf 90' lang='lat' dir='ltr'>est</span> <span class='ocrx_word' id='word_1_211' title='bbox 901 1984 984 2015; x_wconf 91' lang='lat' dir='ltr'>om.</span> <span class='ocrx_word' id='word_1_212' title='bbox 1018 1986 1053 2016; x_wconf 85' lang='lat' dir='ltr'>c.</span> <span class='ocrx_word' id='word_1_213' title='bbox 1194 1977 1248 2016; x_wconf 87' lang='lat'>13</span> <span class='ocrx_word' id='word_1_214' title='bbox 1278 1971 1580 2017; x_wconf 86' lang='lat' dir='ltr'>inclinatione</span> <span class='ocrx_word' id='word_1_215' title='bbox 1612 1985 1650 2017; x_wconf 85' lang='lat' dir='ltr'>c</span> <span class='ocrx_word' id='word_1_216' title='bbox 1783 1975 1838 2015; x_wconf 83' lang='lat'>17</span> 
     </span>
     <span class='ocr_line' id='line_1_29' title="bbox 154 2029 1842 2088; baseline 0.001 -14"><span class='ocrx_word' id='word_1_217' title='bbox 154 2029 438 2074; x_wconf 87' lang='lat' dir='ltr'>vestibulum</span> <span class='ocrx_word' id='word_1_218' title='bbox 468 2029 648 2087; x_wconf 84' lang='lat' dir='ltr'>pudicis</span> <span class='ocrx_word' id='word_1_219' title='bbox 680 2044 714 2076; x_wconf 83' lang='lat' dir='ltr'>c.</span> <span class='ocrx_word' id='word_1_220' title='bbox 747 2031 806 2085; x_wconf 79' lang='lat' dir='ltr'>cf.</span> <span class='ocrx_word' id='word_1_221' title='bbox 841 2029 958 2075; x_wconf 80' lang='lat' dir='ltr'>Cael.</span> <span class='ocrx_word' id='word_1_222' title='bbox 994 2032 1084 2075; x_wconf 81' lang='lat' dir='ltr'>chr.</span> <span class='ocrx_word' id='word_1_223' title='bbox 1118 2034 1164 2086; x_wconf 97' lang='grc'>4,</span> <span class='ocrx_word' id='word_1_224' title='bbox 1187 2035 1251 2077; x_wconf 77' lang='grc'>24</span> <span class='ocrx_word' id='word_1_225' title='bbox 1284 2031 1842 2088; x_wconf 78' lang='lat' dir='ltr'>(ox.3,138.142).sed</span> 
     </span>
     <span class='ocr_line' id='line_1_30' title="bbox 155 2066 1839 2146; baseline 0 -12"><span class='ocrx_word' id='word_1_226' title='bbox 155 2087 216 2134; x_wconf 76' lang='lat' dir='ltr'>ad</span> <span class='ocrx_word' id='word_1_227' title='bbox 248 2101 389 2133; x_wconf 83' lang='lat' dir='ltr'>anum</span> <span class='ocrx_word' id='word_1_228' title='bbox 422 2090 690 2134; x_wconf 77' lang='lat' dir='ltr'>Muscio—</span> <span class='ocrx_word' id='word_1_229' title='bbox 634 2111 690 2126; x_wconf 90' lang='lat'>=</span> <span class='ocrx_word' id='word_1_230' title='bbox 712 2102 780 2146; x_wconf 68' lang='lat'>9⁷·</span> <span class='ocrx_word' id='word_1_231' title='bbox 814 2085 892 2134; x_wconf 75' lang='grc' dir='ltr'>ἐπὶ</span> <span class='ocrx_word' id='word_1_232' title='bbox 921 2086 1005 2134; x_wconf 83' lang='grc' dir='ltr'>τὸν</span> <span class='ocrx_word' id='word_1_233' title='bbox 1037 2066 1302 2135; x_wconf 50' lang='grc' dir='ltr'>ὃακτῗυλιον.</span> <span class='ocrx_word' id='word_1_234' title='bbox 1446 2095 1503 2135; x_wconf 82' lang='lat'>20</span> <span class='ocrx_word' id='word_1_235' title='bbox 1537 2091 1628 2135; x_wconf 88' lang='lat' dir='ltr'>est.</span> <span class='ocrx_word' id='word_1_236' title='bbox 1662 2089 1771 2134; x_wconf 86' lang='lat' dir='ltr'>sunt</span> <span class='ocrx_word' id='word_1_237' title='bbox 1801 2102 1839 2134; x_wconf 84' lang='lat' dir='ltr'>c.</span> 
     </span>
    </p>
   </div>
  </div>
 </body>
</html>
