2014 3162
726 162 1126 215 -179—

81 291 257 357 φλέβες
300 288 398 343 ἀπὸ
443 297 529 358 τῆς
577 296 747 360 κοίλης
793 292 998 360 φλεβός,
1046 293 1138 349 δύο
1187 295 1240 348 δὲ
1286 295 1507 366 ἀρτηρίαι
1546 301 1643 356 ἀπὸ
1682 311 1768 372 τῆς

77 373 278 471 παχείας
308 369 552 440 ἀρτηρίας.
619 395 690 426 ων
720 371 818 426 ἀνὰ
850 378 967 442 μίαν
997 377 1134 442 φλέψ
1171 378 1253 429 καὶ
1291 375 1494 448 ἀρτηρία
1534 384 1764 451 φέρονται

76 449 198 519 πρὸς
221 450 448 521 ἕκατερον
472 452 676 521 νεφρόν,
700 452 801 507 εἶτα
823 456 942 524 πρὶν
964 459 1032 519 εἰς
1053 455 1236 520 αὐτοὺς
1259 460 1511 527 ε’μφυῆναι
1537 466 1765 531 δισχιδεῖς

77 531 333 602 γενόμεναι
371 541 474 597 ταῖς
513 535 602 602 μὲν
642 537 757 588 δυσὶ
796 535 1059 603 ἕκφύσεσιν
1097 541 1165 601 εἰς
1203 539 1431 609 ἕκατερὸν
1467 542 1653 611 νεφρὸν
1683 547 1765 612 ἐμ-

75 611 303 680 φύονται,
333 622 438 678 ταῖς
469 615 522 667 δὲ
554 618 668 669 δυσὶ
697 615 789 684 τὴν
818 615 1024 686 ὑστέραν
1054 617 1432 689 ἀναπλέκουσιν,
1464 641 1582 676 ωστε
1605 647 1764 694 γνγνε-
1787 648 1811 680 5

73 701 193 746 σθαι
223 694 470 765 τεσσαρων
501 699 570 759 εἰς
600 695 760 795 αὐτην
786 697 995 768 ἀγγείων
1027 702 1256 767 ε’μφυσιν,
1290 702 1382 756 δύο
1406 704 1496 771 μὲν
1519 704 1764 774 ἀρτηριῶν

73 774 166 828 δύο
204 776 259 828 δὲ
290 781 500 844 φλεβῶν.
552 779 606 831 ἐκ
635 777 824 832 τούτων
856 780 911 832 δὲ
940 782 1022 832 καὶ
1055 783 1174 844 εἰς’
1151 781 1378 851 εκάτερον
1409 791 1505 837 τῶν
1538 786 1763 854 διδύμων

70 854 167 908 ἀνὰ
207 861 324 923 μίαν
362 859 452 925 μὲν
489 860 626 926 φλέψ
665 858 763 912 ἀνὰ
802 864 919 926 μίαν
958 862 1012 914 δὲ
1050 861 1333 930 ἐμπέφυκεν
1371 863 1590 935 ἀρτηρία.

220 945 304 991 12.
342 940 855 1042 προσπαραπεφύκασι
894 942 948 994 δὲ
987 944 1174 1006 ἔξωθεν
1213 947 1264 997 οἷ
1299 948 1497 1013 δίδυμοι
1521 947 1762 1019 σύνεγγυς

68 1025 154 1072 τοῦ
193 1018 398 1088 αὐχένος
434 1020 552 1088 παρ’
597 1021 827 1091 ἑκάτερον
863 1022 1078 1092 πλευρὸν
1108 1023 1205 1077 ἀνὰ
1244 1046 1344 1079 ενα.
1417 1028 1501 1079 καὶ
1541 1030 1631 1080 εἰσὶ
1670 1030 1758 1097 μὲν
1785 1051 1833 1083 ιο·

67 1103 298 1170 ψαφαροὶ
343 1104 426 1155 καὶ
472 1102 738 1167 ἀδενώδεις
783 1107 894 1176 ἰδίῳ
942 1104 1231 1173 σκεπόμενοι
1277 1104 1443 1174 ὑμένι,
1499 1115 1659 1177 σχῆμα
1706 1112 1759 1162 δὲ

67 1203 128 1235 ου
198 1181 320 1236 κατὰ
380 1206 494 1247 τους
553 1191 651 1238 τῶν
722 1183 945 1253 ἀρρένων
1012 1186 1263 1255 ἐπιμήκεις
1331 1186 1606 1257 υπάρχουσι
1676 1194 1757 1243 καὶ

66 1260 315 1331 ὖπόσιμοι,
361 1265 645 1335 στρογγύλοι
694 1266 748 1318 δὲ
795 1268 877 1318 καὶ
915 1265 990 1319 ἐπ’
1035 1266 1202 1337 ὀλίγον
1238 1268 1597 1337 πλατυνόμενοι
1635 1271 1757 1324 κατὰ

65 1344 224 1413 βάσιν.

213 1424 239 1480 ὃ
294 1427 617 1495 σπερματικὸς
665 1429 719 1481 δὲ
764 1429 917 1497 πόρος
956 1431 1034 1482 ἐπὶ
1072 1436 1160 1497 τῆς
1199 1427 1400 1498 ὑστέρας
1438 1433 1487 1495 ἐξ
1526 1433 1754 1502 ἑκατέρου
1780 1455 1830 1488 154

65 1509 265 1577 φέρεται
310 1508 525 1576 διδύμου
571 1511 654 1562 καὶ
701 1518 803 1573 τοῖς
849 1517 1077 1578 πλευροῖς
1130 1513 1431 1578 παραταθεὶς
1485 1514 1618 1582 μέχρι
1670 1521 1755 1581 τῆς

63 1588 277 1652 κύστεως
315 1593 384 1653 εἰς
421 1589 505 1644 τὸν
542 1590 722 1659 ταύτης
761 1590 993 1659 ἐμφύεται
1023 1591 1276 1660 τράχηλον.
1315 1595 1463 1646 ἔνθεν
1502 1592 1664 1647 ἐδόκει
1701 1594 1753 1648 τὸ

63 1676 150 1723 τοῦ
195 1669 377 1738 θήλεος
422 1672 611 1741 σπέρμα
658 1670 782 1740 πρὸς
819 1675 1088 1744 ζῳογονίαν
1128 1671 1193 1740 μὴ
1234 1672 1622 1741 συμβάλλεσθαι,
1672 1675 1755 1727 διοὶ

67 1750 118 1805 τὸ
151 1755 220 1816 εἰς
257 1752 309 1805 τὸ
349 1751 483 1816 ε’κτὸς
522 1755 790 1821 ε’κχεῖσθαι,
827 1755 936 1822 περὶ
975 1749 1036 1807 οὗ
1077 1753 1365 1822 διελᾶβομεν
1411 1756 1474 1807 ἐν
1509 1761 1583 1825 τῷ
1620 1757 1752 1824 περὶ

62 1834 393 1902 σπέρματος
430 1833 596 1903 λόγῳ.
1773 1859 1820 1891 20

207 1916 360 1968 ἔνιοι
407 1916 486 1981 δέ,
531 1914 704 1979 καθὼς
741 1915 966 1984 βούλεται
1002 1917 1084 1968 καὶ
1131 1913 1158 1970 ὃ
1195 1924 1352 1984 ςχῖος,
1398 1917 1480 1968 καὶ
1528 1913 1624 1968 ἀνὰ
1665 1917 1752 1969 ἕνα

60 1995 392 2065 κρεμαστῆράς
430 2015 584 2062 φασιν
623 1995 790 2060 αὐτοῖς
828 1999 1172 2064 ἐκπεφυκέναι.
1227 1999 1310 2050 καὶ
1347 1994 1486 2065 ἡμεῖς
1525 1998 1579 2050 δὲ
1609 2004 1750 2052 τοῦτο

181 2137 207 2177 2
241 2135 324 2191 μία
357 2148 381 2177 c
413 2136 462 2178 et
493 2135 600 2189 (om.
636 2129 749 2189 ἀνὰ)
782 2133 856 2179 ΟΥ.
1010 2140 1036 2179 3
1070 2130 1245 2186 αὐτούς
1277 2135 1375 2179 Or..
1408 2130 1557 2178 αὐτὸν
1590 2149 1627 2179 e.

65 2190 271 2248 δισχιδὲς
300 2189 556 2250 γενόμεναι
590 2192 753 2249 (sic)c.
875 2199 904 2237 4
938 2190 1192 2250 ἐκφύσεσιν
1226 2193 1322 2238 Ora
1357 2190 1676 2250 ἐμφυσήσεσιν
1708 2207 1746 2238 c.

121 2255 147 2295 8
180 2253 264 2325 μία
296 2252 402 2308 (bis)
436 2266 474 2298 c
598 2268 685 2309 μεν
718 2266 809 2297 om.
841 2267 866 2297 ο
899 2255 978 2310 (et,
1011 2253 1133 2298 sicut
1162 2251 1232 2310 δὲ,
1263 2252 1437 2309 partim
1468 2252 1599 2297 codd.
1637 2253 1745 2308 Or..)

123 2316 179 2356 10
211 2309 316 2355 ἕνα.
351 2309 418 2361 εἷς
449 2325 473 2355 c
498 2312 546 2356 et
571 2310 647 2355 Or.
771 2316 824 2355 11
838 2313 1079 2385 ψαφαροὶ
1111 2311 1207 2356 Or.:
1239 2311 1459 2366 1ψαθαροὶ
1490 2325 1515 2355 c
1547 2312 1619 2368 (nt
1639 2310 1744 2356 Aess.

64 2371 216 2426 16,1).
369 2367 489 2414 κατὰ
523 2370 677 2428 σχῆμα
709 2368 764 2415 δὲ
797 2367 884 2428 οὐχ
917 2388 978 2422 ως
1011 2369 1090 2416 ἐπὶ
1120 2371 1212 2414 τῶν
1242 2367 1456 2440 αρρένων
1486 2366 1748 2443 ὑπομήκεις

58 2405 133 2473 ΟΥ.
286 2434 340 2473 12
372 2427 558 2484 ἀρνέων
591 2442 628 2473 c.
774 2429 858 2474 καὶ
878 2425 1128 2502 ὑπόσιμοι,
1161 2426 1445 2500 στρογγύλοι
1463 2427 1516 2474 δε
1549 2429 1631 2473 καὶ
1664 2425 1742 2474 ἐπ’

59 2482 215 2544 ὀλίγον
248 2503 273 2533 c
305 2488 380 2545 (cf.
414 2488 517 2534 Gal.
550 2488 610 2543 II,
633 2490 765 2560 899):
796 2486 1020 2547 ὑπόσιμοι
1051 2489 1104 2533 δὲ
1136 2488 1218 2533 καὶ
1249 2485 1522 2545 στρογγύλοι
1555 2485 1634 2533 ἐπ’
1654 2486 1745 2533 ὀλί-

89 2561 143 2590 ον
176 2546 251 2593 Or
398 2551 454 2592 15
486 2544 585 2592 ἔπὶι
618 2544 713 2592 ἀπὸ
748 2563 785 2593 ο.
940 2553 993 2593 17
1028 2546 1173 2593 ἔνθεν
1206 2544 1416 2592 ἐδοκεῖτο
1446 2547 1530 2592 τοῦ
1564 2547 1663 2604 (sic)
1698 2561 1744 2591 c:

84 2608 205 2651 νθεν
237 2604 289 2651 δὲ
323 2608 459 2651 δοκεῖ
487 2604 540 2651 τὸ
573 2606 656 2651 τοῦ
690 2606 742 2651 Ο.
844 2603 1006 2652 ἐδόκει
1036 2622 1096 2653 sc.
1128 2606 1411 2663 Herophilo,
1443 2606 1500 2651 cf.
1533 2606 1634 2652 Gal.
1668 2606 1743 2676 (de

27 2667 186 2720 tuem.)
217 2664 296 2721 IV,
314 2671 412 2711 596.
447 2670 534 2710 598
567 2667 616 2710 et
646 2665 722 2722 (de
753 2666 876 2710 uteri
906 2667 1035 2724 diss.)
1066 2666 1111 2710 II
1121 2670 1326 2722 ‚900—1.
1451 2669 1505 2709 18
1538 2662 1743 2734 συμβάλ-

26 2745 31 2763 ¹
56 2724 243 2770 leuem
255 2724 507 2781 Gompertz
539 2723 617 2796 (13²
647 2739 690 2800 Ρ.
711 2727 806 2781 12):
839 2723 1251 2783 συλλαμβάνεσθαι
1283 2738 1308 2768 c
1340 2727 1387 2769 et
1417 2723 1469 2768 Ο.
1577 2721 1656 2767 διὰ
1688 2719 1741 2766 τὸ

26 2794 109 2827 vte
140 2783 202 2842 τῷ
235 2782 288 2828 Ο.
378 2789 435 2828 21
468 2783 550 2828 καὶ
581 2779 710 2856 ὁχίος
734 2785 835 2841 (sic)
862 2798 907 2829 c.
941 2785 1022 2829 καὶ
1053 2789 1152 2841 χῖος
1185 2784 1221 2828 Ο
1255 2785 1390 2840 (βακχ
1394 2785 1524 2838 ίοςῗ).
1646 2776 1741 2824 ἀνα

29 2837 149 2885 ἕνα
181 2843 503 2913 κρεμαστῆρας
536 2842 636 2898 (ubi
668 2840 753 2887 ἕνα
784 2843 888 2888 add.
920 2842 1213 2888 Reinholda
1290 2841 1352 2884 E2
1381 2856 1424 2897 p.
1459 2846 1513 2884 12
1547 2839 1603 2884 cf.
1638 2837 1737 2883 Gal.

59 2897 140 2955 IV,
174 2905 274 2946 635.
310 2903 431 2958 193).
464 2897 884 2958 ἀνακρεμαστῆρας
914 2916 950 2947 ο.
1148 2857 1529 2955 2afmsqmnssvm
1562 2897 1716 2954 (sic)c

1383 2973 1472 3016 12*
