2014 3162
734 112 1138 166 —333—

87 245 122 317 ἢ
161 246 337 316 ἅλμης,
375 244 701 314 ἆφεψήματος
739 245 959 314 δάφνης,
1000 248 1267 313 δαφνίδος,
1306 246 1581 316 γλήχωνος,
1619 244 1777 299 ὑσσώ-

94 349 217 395 που,
257 325 608 394 έλελισφάκου,
647 330 883 396 πρασίου,
923 325 1212 394 ἆρτεμισίας,
1252 325 1537 394 δικτάμνου,
1576 348 1779 380 κενταυ-

96 413 225 477 ρίου,
263 412 456 474 πολίου,
497 411 744 477 σκορδίου,
782 406 1140 477 ὑποτιθεμένης
1178 414 1261 476 τῆς
1300 405 1477 476 χύτρας
1514 414 1579 482 τῷ
1618 412 1778 478 δίφρῳ

17 547 20 550 Δ
94 492 176 543 καὶ
227 496 293 562 τῷ
346 488 539 558 πώματι
593 488 743 558 αὐτῆς
798 491 1064 563 τετρημένῳ
1116 492 1507 561 ἐναρμοζομένου
1557 489 1779 556 καλάμου

93 572 210 639 (καὶ
249 570 374 626 οὕτω
416 569 499 624 διὰ
537 578 624 624 τοῦ
662 569 920 639 καλάμου)
959 574 1290 642 πυριωμένης,
1328 574 1409 625 καὶ
1447 579 1644 635 πεσσοῖς
1681 578 1780 634 τοῖς
1804 598 1823 632 5

96 651 179 706 διὰ
218 650 482 721 βουτύρου,
521 649 781 718 ὑσσώπου,
821 654 1013 717 στέατος
1049 658 1265 723 χηνείου,
1298 652 1568 723 ὀρνυθείου,
1600 658 1781 722 μυελοῦ

94 732 287 802 ἐλάφου
326 731 358 802 ἢ
398 732 690 804 ἐγκεφάλου,
740 736 822 786 καὶ
861 736 1046 802 μέλιτος
1083 733 1114 804 ἢ
1155 736 1371 806 ἰσχάδων
1409 742 1628 804 λιπαρῶν
1667 752 1782 802 σαρ-

92 816 180 880 κὸς
225 819 309 870 καὶ
354 819 608 884 σταφίδων
653 815 769 884 μετὰ
808 822 1020 870 παλαιοῦ
1059 818 1223 872 ἐλαίου
1262 815 1294 885 ἢ
1335 821 1578 887 κυπρίνου
1617 813 1648 883 ἢ
1697 819 1784 883 ἰρί-

97 920 190 952 νου
227 895 260 965 ἢ
302 900 618 965 σαμψυχίνου
656 894 688 964 ἢ
729 895 1037 965 ἆμαρακίνου
1075 896 1107 966 ἢ
1150 903 1385 952 σουσίνου
1423 896 1782 967 ἢμαλαβαθρί-

91 1001 200 1033 νου.
277 978 596 1046 δοκιμαστέον
655 977 709 1031 δὲ
758 979 839 1030 καὶ
891 981 1229 1048 δριμυφαγίαν
1278 978 1651 1047 προκοπτούσης
1699 983 1784 1046 τῆς
1809 1006 1851 1038 10

96 1060 366 1122 διαθέσεως
402 1061 484 1112 καὶ
522 1057 615 1127 τὴν
652 1057 773 1111 κατὰ
811 1058 994 1113 κύκλον
1031 1058 1233 1130 ἀγωγὴν
1271 1061 1353 1112 καὶ
1390 1059 1480 1128 τὴν
1517 1065 1614 1112 τῶν
1645 1057 1784 1113 αὖτο-

96 1147 243 1208 φυῶν
289 1138 487 1193 ὑδάτων
532 1146 704 1209 χρῆσιν
752 1142 834 1192 καὶ
881 1147 1318 1210 κατακρουνισμῶν
1363 1142 1446 1193 καὶ
1492 1138 1681 1208 νήξεων
1731 1142 1784 1193 ἐν

94 1221 311 1294 θαλάττῃ
350 1220 382 1290 ἢ
424 1220 725 1289 αὖτοφυέσιν
762 1221 910 1274 ὕδασι
948 1223 1030 1274 καὶ
1068 1220 1182 1285 τοὺς
1220 1220 1319 1275 άπὸ
1359 1225 1653 1291 ῥαφανίδων
1685 1223 1785 1290 ἐμέ-

93 1325 209 1366 τους
255 1304 338 1355 καὶ
384 1301 450 1370 ἢν
495 1300 526 1371 ἡ
576 1301 785 1371 δύναμις
824 1304 1052 1373 ἐπιτρέπῃ
1090 1305 1173 1355 καὶ
1210 1301 1326 1367 τοὺς
1363 1301 1461 1357 ἀπὸ
1502 1302 1783 1372 ἐλλεβόρων.

209 1389 294 1436 39.
359 1385 634 1450 φυλακτέον
674 1384 728 1436 δὲ
767 1383 880 1448 τοὺς
920 1386 1240 1453 δριμυτέρους
1277 1383 1489 1448 πεσσοὺς
1527 1386 1608 1437 καὶ
1647 1386 1783 1453 ἕγκα-
1810 1409 1851 1442 15

96 1468 314 1532 θίσματα
350 1463 408 1517 τὰ
449 1465 726 1534 δριμύτερα,
766 1464 831 1533 μὴ
871 1471 928 1536 τῇ
961 1474 1162 1534 συνεχεῖ
1183 1465 1348 1535 χρήσει
1379 1465 1612 1534 λάθωμεν
1644 1465 1786 1518 ἑλκώ-

96 1563 268 1609 σαντες
306 1545 365 1598 τὰ
404 1548 734 1617 έσκιρρωμένα
772 1549 855 1599 καὶ
892 1545 1027 1616 παρὰ
1065 1554 1206 1601 τοῦτο
1237 1546 1468 1615 κακοήθη
1501 1546 1784 1615 ποιήσωμεν

95 1625 186 1695 τὴν
225 1626 467 1680 διάθεσιν.
520 1627 606 1691 τὰς
646 1628 699 1681 δὲ
738 1627 820 1682 διὰ
860 1627 1044 1697 κρόκου
1083 1630 1167 1681 καὶ
1206 1628 1446 1697 στύρακος
1475 1630 1554 1680 καὶ
1588 1631 1786 1698 ῥητίνης

97 1711 180 1762 καὶ
227 1708 447 1778 σμύρνης
492 1707 855 1777 ὑποθυμιάσεις
901 1711 983 1762 καὶ
1020 1708 1136 1773 τοὺς
1176 1708 1240 1763 δι’
1285 1709 1561 1778 ἆρτεμισίας
1598 1709 1785 1778 γλήχω-

96 1789 181 1853 νός
227 1811 274 1844 τε
319 1793 403 1843 καὶ
440 1796 652 1860 πρασίου
691 1794 774 1844 καὶ
813 1790 1056 1860 σκορόδου
1096 1789 1252 1860 κόμης
1289 1789 1666 1860 περιατμισμοὺς
1703 1793 1786 1843 καὶ
1809 1813 1852 1847 20

97 1870 150 1924 τὸ
182 1870 452 1940 πινόμενον
485 1869 700 1940 οἰνόμελι
731 1874 784 1925 ἐν
816 1871 1106 1940 ἆφεψήματι
1135 1871 1392 1941 καρδάμου
1424 1875 1506 1925 καὶ
1536 1871 1785 1942 γλήχωνος

98 1950 524 2020 ἀποδοκιμάζομεν
562 1952 627 2006 δι’
649 1951 708 2016 ἃς
746 1956 825 2006 ε’πὶ
863 1960 962 2007 τῶν
1002 1955 1287 2023 ἔμπροσθεν
1325 1952 1584 2023 εἰρήκαμεν
1616 1957 1784 2017 αι’τίας.

97 2036 340 2096 πλείσταις
373 2033 426 2086 δὲ
459 2033 540 2086 διά
571 2040 656 2102 τῆς
686 2039 1053 2105 προρρηθείσης
1084 2034 1281 2106 ἀγωγῆς
1313 2037 1546 2104 ἐξαπίνης
1577 2037 1785 2101 ἔκκρισις

216 2154 242 2193 3
274 2149 455 2214 πολίου,
487 2151 703 2205 σκορδίου
737 2151 879 2207 (quod
910 2151 1033 2196 infra
1056 2151 1284 2208 repetitur
1306 2165 1389 2207 pro
1415 2146 1662 2207 σκορόδου,
1693 2149 1785 2194 nisi

95 2209 320 2254 erravenb
342 2208 601 2264 interpres).
635 2209 691 2252 of.
710 2209 862 2254 Diosc.
888 2209 967 2265 ΠΙ,
996 2215 1227 2254 114-115
1252 2209 1361 2266 περὶ
1384 2211 1563 2265 πολίου,
1587 2224 1634 2254 π.
1654 2223 1786 2264 σκορ-

99 2267 218 2311 δίου.
342 2271 368 2310 5
402 2267 562 2311 καὶ-
587 2265 799 2325 καλάμου
831 2269 962 2314 Aeta
995 2282 1084 2313 om.
1119 2283 1144 2313 ο
1177 2269 1276 2325 (ubi
1306 2264 1518 2325 καλάμου
1551 2266 1786 2325 πυριωμέ-

99 2341 204 2383 vm,
244 2326 368 2382 quod
398 2327 591 2371 verbum
623 2341 728 2372 cum
759 2341 886 2384 seqq.
921 2328 999 2384 (ab
1030 2328 1067 2371 E
1102 2342 1156 2372 ex
1186 2327 1322 2373 Aebio
1355 2327 1577 2382 reductis)
1614 2326 1783 2371 descri-

99 2385 210 2429 bere
240 2384 447 2442 neglexit
480 2385 626 2430 Diessz.
676 2386 732 2431 cf.
765 2386 846 2431 la‘o,
982 2387 1167 2431 πεσσῶν
1199 2387 1292 2430 τῶν
1325 2400 1349 2430 c
1382 2388 1514 2443 (corr.
1547 2386 1619 2442 E).
1759 2392 1783 2432 ’7

101 2441 276 2501 σάρκας
308 2458 332 2487 ο
364 2444 516 2501 (σαρξὶ
546 2445 683 2501 Aet.).
838 2451 891 2490 10
923 2446 1054 2502 τῆς..
1076 2441 1292 2502 ,ἀγωγῆς
1322 2459 1346 2489 c
1378 2450 1510 2501 (corr.
1542 2445 1617 2502 D).
1672 2445 1787 2490 haec

99 2516 190 2547 om.
222 2503 342 2557 Aet„
373 2503 454 2559 qui
485 2505 686 2549 mutavit
717 2504 970 2561 sequentia.
1095 2510 1147 2548 11
1181 2502 1265 2561 τὴν
1299 2519 1387 2550 om.
1422 2517 1446 2547 0
1476 2504 1600 2560 (add-
1634 2504 1695 2561 d).

103 2566 156 2606 12
189 2559 369 2618 νήξεως
402 2563 502 2620 (sio)
536 2578 574 2608 c.
728 2568 781 2608 13
814 2561 925 2615 τοὺς
955 2563 1018 2608 D:
1062 2560 1114 2608 τὸ
1149 2577 1185 2608 c.
1341 2568 1396 2607 14
1426 2558 1487 2619 ἢν
1519 2564 1582 2608 E:
1615 2563 1662 2607 εἰ
1690 2578 1726 2607 0.

104 2617 328 2678 ἐπιτρέπῃ
371 2620 638 2675 φυλακτέον
678 2620 789 2674 τούς
826 2639 874 2668 τε
916 2625 985 2679 δρ.
1017 2619 1220 2674 πεσσούς
1250 2621 1332 2667 καὶ
1362 2619 1472 2673 τοὺς
1502 2618 1597 2667 άπὸ
1633 2619 1786 2682 ἐλεβό-

102 2696 195 2736 ρων
238 2679 320 2725 καὶ
365 2677 727 2737 έγκαθισμάτων
770 2682 1061 2740 δριμυτέρων
1106 2678 1167 2739 μὴ
1216 2683 1302 2726 etc.
1344 2695 1367 2725 c
1407 2682 1542 2737 (quae
1573 2683 1789 2738 transpo-

101 2739 251 2784 nendo
284 2752 399 2784 corr.
433 2739 504 2796 Ε).
560 2740 617 2784 ef.
650 2741 731 2785 lat.
917 2746 970 2785 18
1002 2737 1086 2791 τὰς
1114 2767 1168 2773 -
1195 2742 1287 2798 (22)
1321 2738 1472 2790 αἰτίας
1505 2754 1591 2785 om.
1625 2741 1728 2784 Aet.

102 2802 162 2842 20
193 2794 425 2856 σκορόδου
459 2798 506 2855 (i.
525 2813 564 2843 e.
598 2801 694 2844 alii.
748 2801 803 2845 cf.
836 2802 915 2846 lat.
952 2802 998 2845 eb
1029 2799 1186 2845 Diosc.
1211 2805 1253 2854 2,
1281 2801 1406 2855 181):
1439 2800 1658 2855 σκορδιόυ
1692 2812 1728 2843 c.

103 2857 447 2915 περιατμισμοῦ
481 2872 504 2902 c
531 2859 664 2914 (corr.
692 2859 766 2915 D).
889 2864 943 2903 21
979 2856 1031 2904 ἐν
1063 2859 1099 2903 Ε
1132 2858 1209 2915 (cf.
1241 2859 1365 2915 lam:
1398 2872 1486 2903 om.
1520 2872 1557 2902 c.
