2014 3162
738 116 1136 171 -323—

99 250 221 319 μένῃ
270 254 328 319 τῇ
373 250 511 316 γένυι
556 248 897 318 παρενστάξει,
944 248 1059 318 μετὰ
1099 251 1154 304 δὲ
1190 258 1339 305 ταῦτα
1377 255 1460 306 καὶ
1499 253 1787 324 μελικράτου

97 331 179 382 καὶ
224 335 281 400 τῇ
326 328 410 382 διὰ
469 336 738 399 κρεμαστοῦ
784 334 1026 385 κλινιδίου
1072 331 1275 400 κινήσει.
1366 334 1686 402 παυσαμένης
1732 334 1787 387 δὲ

99 417 182 479 τῆς
227 410 488 476 ἐπιτάσεως
537 414 580 465 εἰ
626 410 694 480 μή
739 434 808 475 τις
855 410 1025 466 ἀτονία
1069 412 1250 467 κωλύοι
1287 411 1320 481 ἢ
1361 412 1426 482 μὴ
1466 413 1560 483 πρὸ
1600 420 1785 469 πολλοῦ

97 495 170 560 εἴη
195 494 435 561 δεδομένη
455 491 631 562 τροφή,
656 496 953 564 φλεβοτομίᾳ
974 494 1223 562 χρηστέον,
1247 491 1347 547 εἶτα
1363 495 1698 567 ἐγχυματισμῷ
1718 493 1783 547 δι’

95 574 260 628 ε’λαίου
316 575 519 643 γλυκέος
576 576 661 627 καὶ
716 581 905 643 θερμοῦ
962 576 1045 628 καὶ
1107 578 1407 645 καταβροχῇ,
1471 574 1791 642 διακλύσματί
1807 597 1829 630 5

93 675 140 708 τε
178 656 262 708 καὶ
299 661 431 729 ποτῷ
469 655 612 709 ὕδατι
651 661 835 729 θερμῷ,
872 657 956 709 καὶ
993 654 1156 727 ἀποχῇ
1193 662 1380 725 τροφῆς
1404 657 1496 720 ἕως
1522 660 1786 725 διατρίτου,

94 734 190 789 κάν
240 735 390 806 ταύτῃ
428 736 480 790 τὸ
521 737 611 804 μὲν
652 743 848 805 πρῶτον
886 736 1250 809 ἆποθεραπείᾳ,
1296 736 1348 791 τὸ
1389 738 1442 790 δὲ
1481 736 1597 805 μετὰ
1637 743 1787 790 ταῦτα

92 823 251 888 τροφῇ
306 816 649 887 ρ”οφηματοόδει
704 819 786 869 καὶ
831 815 930 871 άπὸ
977 818 1155 886 ταύτης
1201 824 1257 888 τῇ
1303 817 1437 886 παρὰ
1485 822 1601 886 μίαν
1653 819 1787 874 δόσει

92 899 227 967 μέχρι
271 904 359 952 τοῦ
404 901 618 967 βεβαίως
669 898 985 967 παρακμάσαι
1022 899 1112 968 τὴν
1150 901 1259 967 περὶ
1296 898 1386 967 τὴν
1425 899 1612 969 μήτραν
1650 922 1786 970 γενο·

93 979 246 1047 μένην
292 977 498 1046 ἀπειλήν
526 1019 537 1031 .
564 1022 574 1033 .
601 1020 612 1031 .
651 979 1022 1048 καταπλάσμασι
1067 987 1168 1043 τοῖς
1214 981 1295 1032 ἐπὶ
1331 985 1429 1032 τῶν
1469 979 1585 1049 μετὰ
1623 980 1783 1034 πόνου
1809 1005 1850 1037 10

92 1061 470 1129 καθαιρομένων
516 1063 848 1128 παραδοθεῖσι
896 1063 979 1114 καὶ
1022 1064 1225 1128 πυρίαις
1269 1068 1375 1124 ταῖς
1422 1060 1505 1114 διὰ
1556 1060 1786 1131 σπόγγων

42 1194 48 1203 ,
88 1142 170 1193 καὶ
223 1148 324 1204 τοῖς
372 1139 615 1204 ἆνετικοῖς
670 1141 1024 1211 έγκαθίσμασιν
1080 1136 1152 1195 ὧν
1195 1147 1281 1210 τῆς
1318 1137 1441 1210 ῧλης
1481 1141 1785 1210 ἐμνημονεύ-

19 1223 26 1234 “
92 1240 260 1290 σαμεν,
299 1223 382 1275 καὶ
419 1229 616 1285 πεσσοῖς
657 1229 759 1286 τοῖς
789 1221 873 1275 διὰ
905 1222 1114 1276 στεάτων
1143 1225 1227 1276 καὶ
1265 1229 1457 1291 μυελῶν
1499 1225 1581 1276 καὶ
1603 1222 1785 1290 τήλεως

90 1305 174 1356 καὶ
218 1301 436 1372 μαλάχης
483 1306 717 1356 σουσίνου
763 1324 813 1357 τε
857 1301 889 1371 ἢ
937 1307 1181 1373 κυπρίνου
1228 1306 1419 1370 ἐλαίου,
1473 1306 1556 1357 καὶ
1603 1311 1660 1375 τῇ
1700 1303 1784 1357 διὰ

90 1391 357 1454 κλυστῆρος
411 1385 562 1438 ἐνέσει
613 1390 702 1438 τοῦ
751 1387 917 1438 ἐλαίου
963 1382 994 1452 ἢ
1043 1382 1326 1453 ὖδρελαίου,
1380 1387 1462 1438 καὶ
1511 1390 1695 1454 μᾶλλον
1741 1388 1785 1439 εἰ
1807 1408 1849 1442 15

90 1464 336 1534 σκύβαλον
375 1469 449 1534 εἴη
489 1467 857 1536 κατεσχημένον.
897 1470 1061 1534 θλίβει
1097 1464 1191 1535 γὰρ
1229 1465 1282 1520 τὸ
1313 1470 1593 1536 περίσσωμα
1623 1488 1780 1535 παρα-

88 1548 317 1615 κειμένην
362 1546 454 1615 τὴν
499 1547 705 1616 μήτραν.
799 1547 1213 1617 παρακμαζούσης
1267 1549 1320 1601 δὲ
1370 1554 1455 1616 τῆς
1510 1549 1781 1612 διαθέσεως

90 1637 332 1698 κηρωταῖς
375 1630 459 1681 καὶ
498 1631 929 1698 μαλακτικωτέροις
966 1637 1179 1696 πεσσοῖς,
1230 1626 1330 1682 εἶτα
1366 1635 1527 1699 τροφῇ
1565 1632 1779 1700 ποικίλῃ,

90 1709 293 1763 κῦπειτα
346 1716 532 1783 λουτρῷ
584 1712 667 1764 καὶ
705 1709 908 1779 ὕστερον
947 1713 1082 1782 οἴνῳ.
1158 1710 1389 1774 πολλάκις
1428 1711 1482 1763 δὲ
1519 1715 1617 1763 τῶν
1653 1731 1779 1778 παρ-

88 1795 314 1860 οξυσμῶν
359 1792 666 1861 γιγνομένων
711 1794 795 1845 καὶ
840 1799 937 1846 τῶν
986 1791 1201 1846 ἆνέσεων
1239 1794 1319 1845 καὶ
1361 1790 1444 1845 διὰ
1482 1797 1626 1844 τοῦτο
1666 1812 1777 1859 χρο-
1801 1815 1844 1848 20

92 1875 317 1935 νίσαντος
362 1878 448 1926 τοῦ
493 1871 694 1936 πάθους
738 1872 860 1926 κατὰ
907 1873 996 1941 μὲν
1041 1870 1156 1935 τοὺς
1192 1870 1538 1940 παροξυσμοὺς
1577 1869 1778 1940 ἁρμόσει

90 1960 191 2016 τοῖς
228 1951 655 2022 ὖποδεδειγμένοις
692 1960 929 2022 χρῆσθαι,
966 1952 1088 2007 κατὰ
1128 1953 1182 2006 δὲ
1211 1951 1264 2006 τὸ
1297 1951 1554 2021 διάλειμμα
1583 1958 1778 2021 πρῶτον
1837 2008 1841 2013 ,

93 2032 461 2102 ἀναλαμβάνειν
506 2030 597 2101 τὴν
641 2033 930 2103 κάμνουσαν
978 2033 1061 2088 διὰ
1107 2037 1330 2102 ποικίλης
1377 2032 1559 2102 αἰώρας
1610 2055 1657 2087 τε
1695 2036 1775 2087 καὶ

87 2114 356 2183 περιπάτου
402 2116 484 2167 καὶ
530 2112 854 2185 ἀναγνώσεως
899 2117 983 2168 καὶ
1029 2114 1424 2183 ἆναφωνήσεως,
1474 2116 1557 2166 καὶ
1612 2113 1774 2182 ἄλειμ-

86 2195 253 2263 μάτων
298 2197 382 2249 καὶ
427 2200 714 2265 γυμνασίων
760 2197 843 2249 καὶ
888 2203 1107 2264 λουτρῶν
1152 2197 1235 2249 καὶ
1284 2199 1510 2263 ποικίλης
1571 2202 1773 2264 τροφῆς,
1797 2219 1840 2252 25

85 2274 184 2330 εἶτα
237 2280 633 2346 μετασυγκρίνειν
688 2276 771 2331 διὰ
822 2280 1177 2348 δριμυφαγίας,
1242 2274 1524 2345 δρῶπακος,
1574 2284 1774 2345 σικυῶν,

202 2449 226 2488 1
274 2440 583 2516 παρεστάζειν
624 2444 724 2502 (sic)
768 2459 793 2490 c
832 2443 1018 2514 (deinde
1049 2443 1218 2489 iterum
1248 2445 1449 2488 Aetiana
1482 2458 1506 2489 c
1537 2459 1581 2501 p.
1617 2449 1717 2499 255,
1744 2448 1770 2489 8

83 2505 228 2575 -12).
364 2501 623 2562 μελικράτου
658 2518 695 2549 c.
833 2509 860 2548 3
891 2500 1063 2548 κωλύει
1095 2517 1132 2547 c.
1269 2520 1299 2560 η
1332 2503 1390 2547 E:
1425 2501 1471 2547 εἰ
1500 2517 1537 2548 o.
1661 2508 1688 2548 5
1720 2506 1769 2548 θ.

84 2558 257 2613 ὕδατος
287 2561 368 2607 καὶ
398 2564 590 2635 uavoe693
625 2578 650 2608 c
682 2559 875 2633 (ὕδατος
906 2576 997 2609 om.
1029 2562 1100 2619 E).
1145 2561 1203 2607 cf.
1238 2561 1360 2607 Cael.
1395 2576 1465 2607 ox.
1502 2568 1541 2619 1,
1570 2568 1623 2607 71
1644 2578 1710 2619 sq.

83 2626 108 2666 7
141 2617 232 2665 κᾶν
264 2621 366 2692 (sio)
398 2636 436 2667 c.
559 2617 948 2681 αποθεραπεύειν
982 2635 1018 2666 c.
1141 2626 1168 2666 8
1202 2599 1541 2693 ροφηματώὸη
1557 2622 1660 2693 (sio)
1688 2636 1724 2666 c.

0 2688 1 2691 ’
83 2685 138 2724 10
169 2682 276 2737 post
305 2675 504 2737 ἀπειλὴν
535 2680 736 2727 Aetiana
768 2697 792 2727 c
830 2696 875 2739 p.
902 2685 1003 2737 255,
1029 2685 1205 2726 22—25
1239 2681 1310 2740 (τῇ
1338 2706 1392 2713 -
1419 2676 1769 2738 ἀναλαβόντες).

85 2738 393 2784 Soraneorum
431 2740 650 2786 lacunam
690 2741 878 2799 explent
915 2717 1058 2786 vel-’ba
1087 2740 1279 2813 interpr.
1281 2698 1393 2785 ”Lat
1427 2741 1591 2785 cotidie
1621 2743 1770 2784 tamen

0 2796 1 2823 ³
82 2799 158 2854 (sc.
193 2798 597 2873 cataplasmatibus
627 2805 792 2846 curata
824 2801 929 2856 etc)
955 2796 1150 2844 εκαθ’
1179 2795 1380 2869 ἑκάστην
1412 2797 1464 2844 δὲ
1497 2795 1700 2870 ἡμέραν.

144 2862 198 2902 15
233 2854 382 2902 ἔνέσει
412 2857 475 2902 D.
510 2855 561 2902 ἐν
595 2857 670 2910 αἷς
699 2856 728 2916 ἡ
757 2874 793 2904 e.
903 2864 960 2904 26
993 2858 1166 2904 σικυῶν
1199 2854 1396 2903 εὐτόνου
1428 2834 1771 2914 παραπτήσεως

1407 2931 1502 2975 21*
