2014 3162
855 107 1259 160 —262—

211 240 293 291 ἐπὶ
328 236 442 301 τοὺς
480 237 691 306 μαστοὺς
729 237 997 306 ἀναφέρειν
1035 237 1125 306 τὴν
1154 238 1296 306 ὕλην,
1336 238 1454 292 ὥστε
1484 246 1652 294 πλεῖον
1683 239 1734 293 τὸ
1766 239 1890 310 γάλα

211 323 481 388 γίγνεσθαι.

322 399 534 467 μαστοὺς
575 402 629 454 δὲ
667 403 877 470 ἔχουσαν
916 401 1230 469 συμμέτρους.
1270 404 1321 455 οἷ
1356 403 1520 469 μικροὶ
1556 402 1646 470 μὲν
1682 401 1775 471 γὰρ
1807 401 1900 455 ὀλί-

211 504 301 551 γον
349 484 515 551 ἔχουσι
552 482 605 537 τὸ
645 481 795 552 γάλα,
846 485 897 536 οἷ
930 480 1194 551 ὑπέρογκοι
1233 482 1287 534 δὲ
1325 483 1408 534 καὶ
1446 481 1775 551 περιττότερον
1813 488 1900 537 τοῦ

165 583 186 616 5
212 564 424 630 δέοντος,
465 563 583 616 ὥστε
622 562 738 631 μετὰ
777 562 867 630 τὴν
904 566 1119 615 τιτθείαν
1157 566 1201 615 εἰ
1237 563 1326 630 μὲν
1363 561 1602 632 ὑπομένοι
1637 585 1682 616 τι
1711 570 1896 630 πλεῖον,

209 645 375 711 μηκέτι
409 643 585 712 νεαρὸν
617 642 735 697 αὐτὸ
767 642 890 713 πρὸς
919 649 1006 696 τοῦ
1038 644 1257 713 βρέφους
1289 643 1698 712 ἓλκυσθήσεσθαι,
1728 642 1898 716 ’τρόπῳ

210 726 264 777 δέ
294 747 389 777 τινι
419 726 903 794 προδιεφθαρμένον.
960 727 1003 777 εἰ
1033 724 1086 776 δὲ
1117 730 1220 777 πᾶν
1251 722 1614 792 ἆποθηλάζοιτο
1638 723 1703 778 δι’
1739 724 1900 778 ἄλλων

208 809 423 858 παιδίων
453 803 484 873 ἢ
525 808 609 859 καὶ
648 806 823 875 ἑτέρων
862 804 1001 879 ζῴων
1040 804 1476 873 καταλυθήσεσθαι
1513 803 1603 873 τὴν
1633 812 1902 875 γαλουχοῦ-

209 904 314 941 σαν.
378 885 475 939 εἶθ’
521 891 572 940 οἱ
607 890 822 956 μείζονες
852 888 935 939 καὶ
965 890 1206 955 βαροῧσιν
1237 888 1572 950 ἐπιπίπτοντες
1601 894 1703 950 τοῖς
1732 907 1901 955 τρεφο-

144 988 186 1020 10
211 968 390 1035 μένοις.
465 967 622 1031 ἄλλως
662 969 712 1021 τέ
748 989 874 1031 τινες
914 966 1355 1036 ὑπολαμβάνουσιν
1393 966 1575 1030 αὐτοὺς
1613 965 1901 1037 ὀλιγώτερον

207 1047 441 1112 πολλάκις
479 1050 606 1116 ἔχειν
644 1047 696 1102 τὸ
735 1048 860 1119 γάλα
898 1047 1022 1117 πρὸς
1052 1047 1142 1116 τὴν
1173 1048 1382 1117 αὔξησιν
1411 1054 1498 1116 τῆς
1527 1047 1706 1117 σαρκὸς
1737 1047 1901 1101 αὐτῶν

209 1130 569 1197 δαπανωμένης
607 1135 692 1198 τῆς
730 1133 799 1192 εἰς
837 1128 1018 1192 αὐτοὺς
1057 1131 1331 1197 φερομένης
1367 1135 1559 1197 τροφῆς
1596 1130 1679 1181 καὶ
1710 1127 1802 1183 οὐκ
1833 1131 1901 1192 εἷς

206 1209 258 1264 τὸ
297 1215 492 1278 πλῆθος
530 1216 618 1264 τοῦ
655 1209 905 1280 γάλακτος.

317 1290 536 1359 χαύνους
590 1292 645 1344 δὲ
698 1292 782 1344 καὶ
837 1290 1083 1359 μαλακοὺς
1135 1293 1219 1344 καὶ
1273 1289 1588 1359 ἆρρυσώτους
1640 1292 1723 1343 καὶ
1785 1289 1901 1359 μήτε

144 1392 186 1426 15
211 1379 445 1441 φανεροῖς
490 1373 977 1442 καταπεπλεγμένους
1021 1378 1123 1435 τοῖς
1170 1370 1383 1442 ἀγγείοις
1430 1369 1545 1439 μήτε
1589 1370 1902 1440 θρομβαῖδεις

209 1452 459 1516 συστάσεις
505 1455 900 1523 ε’ναιωρουμένας
945 1455 1157 1522 ἔχοντας.
1243 1455 1295 1506 οἷ
1334 1454 1514 1505 πυκνοὶ
1561 1453 1650 1520 μὲν
1688 1451 1781 1522 γὰρ
1819 1454 1901 1505 καὶ

207 1536 407 1603 σκληροὶ
452 1535 535 1593 καὶ
584 1535 1028 1604 καταπεπλεγμένοι
1075 1541 1177 1598 τοῖς
1223 1532 1436 1604 ἀγγείοις
1483 1532 1649 1603 ὀλίγον
1685 1531 1738 1587 τὸ
1776 1533 1902 1602 γάλα

206 1621 453 1682 ποιοῦσιν,
493 1619 545 1669 οἱ
578 1618 720 1685 ῥυσοὶ
759 1617 813 1668 δὲ
850 1618 934 1669 καὶ
972 1615 1208 1685 ρακώδεις
1249 1614 1410 1684 ὥσπερ
1448 1617 1503 1668 ἐν
1530 1622 1632 1678 τοῖς
1661 1613 1903 1684 γραώδεσι

206 1698 288 1748 καὶ
319 1695 512 1764 ἆραιοῖς
545 1689 1101 1767 συγκρίμασινῦδαρές,
1141 1700 1193 1751 οἱ
1220 1697 1275 1749 δὲ
1305 1694 1617 1765 θρομβοόδεις
1650 1694 1902 1759 συστάσεις

140 1798 184 1830 20
210 1779 397 1846 ἔχοντες
433 1777 567 1847 παχὺ
606 1780 690 1831 καὶ
728 1776 1075 1846 ὑπανώμαλον.
1850 1829 1852 1834 .

319 1857 404 1921 τὰς
452 1859 506 1912 δὲ
553 1858 715 1928 θηλὰς
762 1858 880 1927 μήτε
927 1858 1136 1928 μεγάλας
1182 1858 1298 1927 μήτε
1344 1857 1531 1927 μικράς.
1610 1860 1666 1910 αἱ
1700 1857 1902 1927 μεγάλαι

209 1940 297 2007 μὲν
327 1938 419 2009 γὰρ
458 1943 692 2009 θλίβουσι
728 1938 786 1993 τὰ
826 1934 948 1993 οὖλα
986 1941 1068 1992 καὶ
1106 1946 1162 2010 τῇ
1203 1938 1465 1992 καταπόσει
1503 1937 1749 1992 κωλύουσι
1789 1956 1910 1992 συν-·

210 2027 367 2089 εργεῖν
405 2019 498 2088 τὴν
535 2027 776 2090 γλῶσσαν,
815 2024 871 2072 αἱ
905 2022 1071 2090 μικραὶ
1111 2021 1165 2073 δὲ
1195 2012 1463 2088 δύσληπτοι
1492 2018 1789 2089 τυγχάνουσι
1819 2022 1902 2072 καὶ

208 2099 311 2153 κατ’
348 2099 514 2170 ὀλίγον
546 2103 823 2171 ἕκρίπτουσι
853 2100 906 2155 τὸ
939 2100 1079 2171 γάλα,
1119 2099 1198 2155 διὸ
1230 2106 1616 2154 κακοπαθοῦντα
1647 2099 1704 2153 τὰ
1737 2101 1899 2170 βρέφη

141 2202 183 2234 25
207 2180 331 2250 πρὸς
376 2180 461 2245 τὰς
507 2181 791 2251 έκμυζήσεις
837 2189 942 2246 ταῖς
987 2183 1274 2251 λεγομέναις
1320 2177 1515 2248 άφθαις
1566 2184 1713 2234 εἴωθε
1766 2202 1899 2250 περι-

207 2265 413 2316 πίπτειν.

319 2343 436 2411 μήτε
489 2346 792 2412 πυκνοτέρας
857 2343 974 2412 μήτε
1020 2343 1352 2414 σηραγγώδεις
1397 2342 1526 2413 ἄγαν
1571 2344 1655 2396 καὶ
1704 2341 1901 2413 άθροῢν

328 2492 355 2531 5
388 2503 452 2531 τις
487 2486 539 2531 τὸ
573 2502 609 2532 c.
786 2494 812 2533 6
845 2487 972 2534 τόπω
1007 2504 1031 2535 c
1063 2491 1195 2546 (corr.
1227 2490 1300 2545 D).
1446 2492 1472 2532 8
1504 2485 1590 2544 τὴν
1622 2500 1711 2534 om.
1747 2503 1770 2532 o
1801 2488 1901 2545 (ubi

210 2547 546 2603 γαλουθοῦσαν
580 2561 693 2591 corr.
728 2547 802 2604 D).
949 2554 1005 2593 10
1037 2544 1452 2607 ὑπολαμβάνουσιν
1573 2542 1841 2604 ὀλιγότερον
1875 2562 1898 2592 o

211 2607 336 2661 (cum
368 2604 477 2649 albo
511 2609 567 2663 11}
598 2609 718 2663 σαι).
867 2611 920 2651 11
955 2606 1064 2663 ἔχου
1098 2621 1122 2652 o
1155 2609 1287 2664 (corr.
1320 2605 1394 2662 D).
1520 2611 1575 2650 15
1607 2610 1899 2651 καταπεπλε-

208 2663 396 2721 γμένοις
428 2679 465 2709 c.
590 2669 645 2709 17
681 2661 908 2722 ἄγγείοιςε
943 2665 1111 2717 αἰτίοις
1143 2680 1179 2710 c.
1305 2669 1360 2710 18
1393 2660 1618 2721 γρεώδεσι
1643 2665 1723 2709 καὶ
1746 2660 1899 2722 ἀριοῖς

210 2723 314 2781 (sic)
347 2738 371 2767 ο
403 2725 538 2781 (corr.
571 2723 644 2780 D).
789 2729 844 2768 22
876 2721 967 2782 γὰρ
1001 2737 1090 2769 om.
1125 2738 1149 2769 0
1182 2722 1307 2781 (add.
1340 2721 1408 2780 Ε).
1545 2725 1764 2783 θλίβουσι
1798 2723 1897 2769 Ori·
1963 2762 1967 2763 γ

207 2783 305 2826 bas.
339 2784 568 2841 (βλίκουσι
599 2784 702 2826 Aet.
737 2783 849 2840 ed.):
890 2783 1185 2842 θρομβοῦσιν
1217 2797 1255 2827 o.
1407 2786 1465 2826 24
1507 2778 1774 2840 ε’κριπτοῦσι
1805 2778 1899 2839 (ἔκ-

210 2842 395 2887 ὃιδοῦσι
426 2841 503 2898 E):
542 2837 795 2899 ἕκροφοῦσι
829 2857 866 2887 c.
991 2847 1047 2887 27
1080 2837 1263 2898 ἀθρόον
1297 2841 1373 2885 hie
1407 2855 1443 2887 c.
