2014 3162
728 128 979 180 -337
1064 158 1124 165 —

82 283 216 324 τινας
254 265 350 313 τῶν
389 258 675 326 στυφόντων
712 266 887 327 χυλῶν.
930 263 973 312 εἰ
1008 261 1062 313 δὲ
1093 259 1216 328 πρὸς
1246 259 1524 330 ἆνάβρωσις
1556 266 1646 330 εἴη,
1685 264 1768 315 καὶ

81 347 147 414 τῷ
195 339 278 393 διὰ
324 338 503 408 χάρτου
542 340 711 407 μέλανι
750 340 848 409 μετ’
893 340 1038 404 ὄξους
1074 341 1109 409 ἥ
1146 364 1241 394 τινι
1285 347 1397 394 τῶν
1441 341 1587 410 πρὸς
1632 341 1768 405 τοὺς

87 420 551 489 δυσεντερικοῦς
600 419 1115 491 ἀναγραφομένων
1152 425 1431 491 τροχίσκων.
1489 421 1694 491 καὶγὰρ
1728 427 1771 476 εἰ

85 506 301 572 γίγνεταί
341 525 410 565 τις
449 504 503 554 ἐκ
539 501 725 556 τούτων
765 503 1052 573 ε’σχάρωσις,
1102 501 1318 571 εὖμαρὴς
1355 501 1387 571 ἧ
1426 503 1549 573 πρὸς
1587 503 1769 571 ταύτην

86 581 374 650 ὖπάντησις,
413 585 745 653 κρατουμένης
783 586 837 637 ἐν
875 591 941 658 τῷ
980 589 1069 653 ζῆν
1107 591 1192 653 τῆς
1215 581 1512 653 καμνούσης.
1574 584 1767 638 διδόναι

87 665 142 716 δὲ
172 667 254 717 καὶ
283 664 475 766 τροφὴν
504 670 1032 736 προαποσπογγίσαντα
1061 665 1113 720 τὸ
1144 666 1412 734 πρόσωπον
1435 688 1550 734 μετα
1571 673 1770 735 ψυχροῦ

85 745 279 809 ύδατος.
352 748 471 799 ἔστω
513 747 567 799 δὲ
604 744 635 814 ἧ
674 745 833 845 τροφὴ
874 746 1025 815 ὄρυζα
1063 750 1116 801 ἐκ
1153 754 1351 816 ψυχροῦ
1382 746 1612 811 ύδατος
1592 748 1623 816 η’
1658 748 1766 812 ὀξυ-

84 826 289 894 κράτου,
342 825 374 894 ἢ
429 827 636 896 χόνδρος
688 825 720 895 ἦ
767 824 911 896 άρτος
964 830 1048 881 καὶ
1100 827 1291 882 απαλὸν
1346 827 1446 902 ᾠὸν
1492 828 1556 882 δι’
1608 829 1768 893 ὄξους.

84 907 287 975 ύστερον
325 908 378 960 δὲ
416 910 499 960 καὶ
537 907 655 976 μετά
691 931 827 972 τινας
863 908 1046 978 ἡμέρας
1083 912 1165 962 καὶ
1201 910 1333 977 σέριν
1362 907 1394 976 ἢ
1427 908 1770 1008 άρνόγλωσσον

84 987 149 1040 δι’
200 987 347 1052 όξους
393 990 477 1041 καὶ
523 993 613 1059 ῥοῦ
660 988 828 1059 ὀλίγου
875 995 1180 1059 νεοτριβοῦς,
1226 991 1310 1041 καὶ
1356 1011 1472 1057 μετα
1516 989 1568 1043 τὸ
1611 997 1769 1054 καλῶς

84 1071 345 1137 ἑψηθῆναι
391 1071 556 1124 ἔλαιον
599 1071 842 1140 νεοτριβὲς
890 1073 971 1124 καὶ
1012 1067 1156 1137 αὐτό,
1202 1072 1286 1123 καὶ
1327 1077 1483 1139 μῆλον
1519 1071 1770 1125 κυδώνιον

83 1151 235 1206 ὀπτὸν
280 1151 312 1220 ἢ
361 1151 527 1220 ἑφθὸν
572 1153 741 1218 άπιον,
797 1155 878 1206 καὶ
925 1157 1127 1221 σαρκίον
1172 1150 1271 1206 ἀπὸ
1316 1150 1536 1220 στήθους
1576 1151 1770 1219 φάσσης

54 1232 346 1302 γὴψημένης
388 1236 442 1287 ἐν
480 1230 730 1304 ὄξυκράτῳ
770 1231 802 1301 ἢ
844 1231 1041 1300 μύρτοις
1073 1235 1284 1285 ἔνδοθεν
1315 1234 1769 1301 ἕκπεπληρωμένης,

30 1323 33 1325 ’
85 1313 118 1381 ἢ
151 1315 380 1383 πέρδικος
410 1312 442 1382 ἢ
476 1313 742 1384 ἀτταγῆνος
771 1314 806 1382 ἥ
835 1336 967 1377 τινος
996 1320 1094 1367 τῶν
1124 1315 1351 1382 ἐμφερῶν
1380 1313 1583 1377 τούτοις.
1626 1312 1770 1378 ὑπερ-

84 1394 281 1464 βάντων
327 1397 382 1449 δὲ
428 1403 524 1449 τῶν
569 1402 656 1463 τῆς
693 1399 1004 1463 συμπαθείας
1049 1394 1264 1464 χρόνων,
1309 1396 1393 1447 καὶ
1430 1394 1652 1463 οἰνάριον
1692 1398 1770 1448 δο-

91 1478 217 1544 τέον,
257 1483 450 1546 στερεᾶς
490 1477 543 1530 δὲ
581 1484 827 1540 παντελῶς
865 1478 1147 1548 γενομένης,
1186 1476 1269 1528 καὶ
1307 1474 1525 1545 λουτρόν.

196 1565 280 1612 42.
342 1558 432 1627 τὴν
481 1559 534 1612 δὲ
582 1562 935 1627 φλεβοτομίαν,
982 1557 1046 1626 ἣν
1092 1557 1228 1610 ἄλλοι
1272 1578 1321 1609 τε
1366 1558 1643 1625 παρέλαβον
1689 1558 1770 1608 καὶ

87 1644 359 1710 Θεμίσων
384 1646 662 1710 μεταγωγῆς
693 1640 834 1692 ἕνεκα
866 1645 951 1708 τῆς
981 1638 1117 1707 ὕλης,
1149 1636 1588 1706 ἀποδοκιμάζομεν.
1649 1644 1770 1709 χαλᾷ

85 1722 173 1790 μὲν
209 1719 304 1791 γὰρ
341 1719 374 1788 ἡ
415 1724 728 1789 φλεβοτομία,
766 1719 1023 1773 πύκνωσιν
1054 1720 1108 1772 δὲ
1139 1721 1218 1772 καὶ
1253 1716 1492 1786 συστολὴν
1522 1716 1575 1771 τὸ
1607 1721 1771 1787 αἱμορ-

86 1807 272 1871 ραγοῢν
317 1800 530 1867 ἀπαιτεῖ,
577 1803 659 1854 καὶ
707 1799 767 1855 οὗ
816 1805 898 1854 δεῖ
943 1799 1164 1870 μετάγειν
1209 1798 1299 1867 τὴν
1337 1798 1463 1866 ὕλην
1500 1797 1620 1850 ἀλλὰ
1658 1821 1769 1851 κατ-

87 1885 226 1951 έχειν.
290 1883 555 1950 ἐπισφαλὲς
594 1882 755 1934 δὲκαὶ
784 1880 836 1935 τὸ
869 1886 1205 1951 φλεβοτομεῖν,
1244 1875 1318 1933 ὅτι
1349 1878 1413 1947 μὴ
1445 1883 1770 1948 κρατηθείσης

90 1964 179 2032 μὲν
222 1968 307 2030 τῆς
354 1968 515 2031 φορᾶς
558 1967 646 2016 τοῦ
694 1965 894 2031 αἵματος
941 1965 995 2015 ἐκ
1038 1968 1124 2030 τῆς
1178 1963 1523 2029 φλεβοτομίας,
1577 1956 1768 2029 ἀνάγκη

86 2044 254 2113 τάχιον
291 2042 382 2112 τὴν
419 2043 708 2112 κάμνουσαν
746 2043 1019 2097 ἀπολέσθαι
1059 2041 1124 2106 ὦς
1163 2040 1228 2095 ἂν
1265 2040 1361 2096 ὑπὸ
1403 2045 1578 2109 διπλῆς
1618 2045 1771 2094 δαπα-

89 2132 331 2194 νηθεῖσαν
362 2127 698 2194 αἰμορραγίας,
729 2128 1052 2192 κρατηθείσης
1084 2125 1138 2176 δὲ
1169 2123 1324 2186 οὕτως
1347 2122 1466 2176 ὥστε
1490 2121 1771 2190 φλεγμονὴν

86 2206 288 2275 ὕστερον
328 2203 394 2269 ὡς
431 2204 530 2259 ἆπὸ
570 2210 787 2273 σκυλμοῢ
826 2210 1029 2258 πλείονα
1068 2206 1430 2274 ἐπιγίγνεσθαι,
1476 2202 1581 2255 κατ’
1625 2203 1768 2256 ε’πάλ-

207 2342 230 2381 1
265 2331 556 2403 αναβρωσεις
587 2350 611 2379 c
644 2337 776 2392 (corr.
807 2336 877 2392 Ε).
911 2334 968 2380 cf.
999 2335 1082 2379 lat.
1279 2339 1306 2378 3
1337 2329 1768 2391 άναγραφομένωνε

87 2398 139 2440 ab
174 2409 268 2440 non
306 2396 469 2440 extant
513 2395 562 2438 in
603 2394 749 2439 Caelii
789 2394 997 2452 capitulo
1038 2396 1133 2438 chr.
1180 2394 1259 2448 IV,
1287 2399 1312 2438 6
1355 2407 1476 2437 nunc
1518 2394 1671 2441 lacero
1715 2407 1770 2438 ac

86 2469 265 2500 manco.
416 2459 445 2498 4
478 2449 679 2511 εὗμερὴς
709 2447 738 2509 η’
773 2467 798 2498 ο
831 2455 961 2524 (corr.
994 2453 1067 2510 D).
1191 2458 1217 2498 5
1250 2451 1543 2509 κρατουμένη
1578 2467 1602 2497 o
1637 2455 1768 2507 (corr.

87 2514 159 2571 E).
304 2518 330 2557 9
363 2511 490 2569 σε’ριν
523 2513 590 2557 sic
621 2527 646 2557 o
679 2514 757 2570 (sc.
791 2509 980 2557 διδόναι
1010 2513 1146 2568 v.5).
1273 2516 1323 2555 11
1357 2510 1439 2555 καὶ
1470 2514 1578 2556 ante
1610 2513 1712 2557 κυδ.
1748 2526 1771 2556 c

89 2573 196 2629 (del.
229 2572 297 2629 E).
400 2577 454 2618 17
488 2571 544 2618 cf.
579 2571 701 2616 Cael.
736 2572 830 2616 chr.
862 2571 920 2626 II,
948 2575 1031 2616 183
1050 2586 1151 2628 sqq.
1254 2575 1308 2615 18
1342 2586 1439 2639 μετ.
1474 2568 1538 2614 ε’ν.
1565 2591 1620 2607 =
1645 2584 1770 2615 aver-

88 2633 250 2677 tendae
278 2632 494 2676 materiae
525 2645 666 2676 causa
698 2631 823 2675 Cael.
851 2607 935 2676 18⁹5
969 2633 1159 2687 (aversio
1189 2630 1432 2687 sanquinis
1466 2632 1583 2686 191)
1716 2634 1768 2673 19

89 2691 278 2741 πυκνῶς
316 2706 403 2735 συν
441 2690 522 2734 καὶ
560 2706 597 2735 σ.
640 2704 664 2734 0
712 2692 844 2747 (corr.
877 2691 995 2747 DE)
1178 2694 1233 2733 21
1267 2690 1581 2745 κρατηθείσης
1613 2688 1713 2745 (sic)
1747 2702 1771 2732 c

91 2750 230 2807 (male
262 2764 370 2793 -σαν
403 2748 466 2805 d).
587 2754 644 2794 23
676 2752 1034 2805 δαπανηθείσης
1059 2763 1083 2793 c
1115 2750 1247 2806 (corr.
1272 2747 1346 2819 D).
1469 2751 1524 2791 25
1557 2748 1772 2797 πλείονος

91 2823 116 2853 c
149 2810 367 2864 (irruente
396 2821 580 2853 rursum
609 2814 782 2854 tumore
814 2807 938 2854 Cael.
967 2810 1083 2866 191).
1217 2805 1503 2864 κατάλληλον
1536 2821 1559 2851 c
1593 2806 1772 2862 (dehinc

90 2869 175 2913 erit
206 2881 369 2924 anceps
398 2872 553 2912 umam
584 2867 740 2924 CaeL).

180 2950 356 2994 Soranus,
382 2950 438 2983 ed.
464 2950 573 2983 Rose.
1450 2943 1505 2984 22

1791 604 1811 637 5

1794 1011 1836 1042 10

1796 1415 1837 1448 15

1794 1821 1838 1854 20

1795 2225 1838 2258 25
