2014 3162
320 728 553 782 INDEX
593 725 1116 782 CAPITVLORVM
1157 724 1656 779 SORANEORVM

613 842 804 900 (additis
837 842 1107 888 Ermerinsii
1138 842 1375 898 numeris).

886 989 1034 1046 (Libri
1066 991 1102 1047 I)

150 1081 335 1138 (Praef.)
398 1077 483 1130 Εἰς
521 1075 696 1129 πόσους
727 1078 808 1123 καὶ
839 1080 969 1129 τίνας
1001 1075 1167 1134 λόγους
1198 1076 1396 1135 τμητέον
1428 1074 1514 1134 τὴν
1546 1079 1638 1122 τῶν
1671 1095 1836 1134 γυναι-

416 1139 556 1182 κείων
588 1134 866 1192 παράδοσιν.

147 1197 168 1241 I
237 1199 317 1248 Τίς
350 1193 475 1241 ἐστιν
509 1193 775 1252 ἐπιτήδειος
806 1193 921 1253 πρὸς
951 1192 1003 1240 τὸ
1036 1194 1265 1252 γενέσθαι
1299 1201 1429 1253 μαῖα.

150 1257 194 1300 II
261 1258 342 1307 Tt'9
373 1252 535 1325 ἀρίστη
570 1261 700 1312 μαῖα.

151 1316 217 1358 III
285 1317 365 1366 Τίς
398 1311 552 1388 φύσις
571 1315 747 1371 μήτρας
778 1314 859 1358 καὶ
890 1316 1163 1370 γυναικείου
1197 1313 1396 1358 αἰδοίου.

151 1374 216 1418 IV
278 1373 398 1429 Περὶ
432 1370 650 1431 ἐμμήνων
683 1371 976 1429 καθάρσεως.

147 1433 191 1477 V
258 1435 377 1477 Τίνα
412 1437 581 1489 σημεῖα
615 1430 868 1489 μελλούσης
899 1434 1149 1503 γίγνεσθαι
1181 1427 1473 1506 καθαρσεως.

148 1493 212 1536 VI
278 1491 339 1536 Εἰ
370 1489 448 1536 ἐπὶ
481 1491 767 1566 συμφέροντι
781 1490 993 1563 γέγονεν
1025 1488 1053 1547 ἡ
1086 1493 1178 1534 τῶν
1212 1487 1431 1548 ἐμμήνων
1464 1487 1709 1547 καθαρσις.

150 1551 239 1596 VII
302 1549 364 1594 Εἰ
393 1547 577 1607 ὑγιεινή
613 1546 738 1595 ἐστιν
769 1547 797 1606 ἡ
832 1547 1055 1606 διηνεκὴς
1085 1552 1341 1606 παρθενιᾝα

150 1611 260 1656 VIII
319 1610 476 1666 Μεχρὶ
507 1612 633 1660 τίνος
664 1607 715 1654 τὸ
748 1610 874 1665 θῆλυ
908 1609 1402 1680 παρθενοτροφητέον.

150 1669 215 1714 IX
277 1670 387 1720 Πως
420 1667 723 1739 σημειωτέον
733 1686 816 1719 τας
849 1668 1118 1744 δυναμένας
1146 1665 1504 1739 συλλαμβάνειν.

152 1728 195 1772 Χ
260 1730 340 1779 Τίς
372 1724 560 1799 ἄριστος
591 1724 772 1801 καιρὸς
789 1729 1040 1778 συνουσίας
1071 1724 1188 1784 πρὸς
1221 1725 1461 1784 σύλληψιν.

152 1787 216 1831 ΧΙ
280 1786 344 1831 Εἰ
372 1784 558 1843 ὑγιεινή
594 1783 717 1831 ἐστιν
750 1783 796 1857 ἡ
813 1783 1048 1843 σύλληψις.

152 1846 239 1890 XII
304 1848 423 1890 Τίνα
457 1851 625 1916 σημεῖα
659 1842 940 1917 συλλήψεως.

152 1905 262 1949 XIII
327 1907 446 1950 Τίνα
489 1922 610 1949 κατα
654 1902 765 1956 τούς
808 1902 1033 1978 αρχαίους
1078 1910 1247 1962 σημεῖα
1290 1905 1372 1949 τοῦ
1415 1900 1559 1962 ἄρρεν
1616 1902 1740 1948 εἶναι
1788 1900 1840 1947 τὸ

417 1962 807 2035 κυοφορούμενον
840 1961 870 2020 ἢ
903 1964 1041 2038 θῆλυ.

151 2023 258 2067 XIV
325 2024 406 2073 Τίς
437 2019 466 2078 ἡ
500 2024 592 2066 τῶν
627 2024 974 2079 συνειληφυιῶν
1009 2020 1262 2080 ἐπιμέλεια.

151 2082 239 2126 XV
301 2083 420 2139 Περὶ
453 2083 624 2152 κίσσης.

151 2141 262 2185 XVI
328 2143 409 2192 Τίς
441 2139 469 2197 ἡ
504 2137 598 2185 απὸ
632 2142 714 2197 τῆς
745 2142 905 2198 κίσσης
937 2139 1068 2211 μέχρι
1100 2136 1366 2194 αποτέξεως
1398 2136 1657 2211 επιμέλεια.

152 2199 283 2243 XVII
349 2201 467 2244 Τίνα
499 2198 703 2256 κυούσης
734 2202 816 2256 τῆς
847 2198 1072 2271 γυναικὸς
1103 2195 1239 2250 ε’ντὸς
1269 2201 1352 2255 τῆς
1382 2196 1558 2257 μήτρας
1591 2197 1777 2255 φύεται.

151 2259 304 2303 XVIII
370 2260 489 2302 Τίνα
521 2265 690 2316 σημεῖα
722 2256 975 2330 μελλούσης
1006 2260 1256 2329 γίγνεσθαι
1288 2259 1492 2315 φθορᾶς.

153 2317 263 2360 XIX
324 2316 386 2362 Εἰ
415 2319 638 2374 φθορίοις
668 2317 749 2362 καὶ
781 2314 989 2369 ατοκίοις
1021 2315 1244 2387 χρηστέον
1277 2317 1358 2361 καὶ
1389 2320 1499 2368 πῶς.

153 2376 239 2419 XX
305 2379 422 2420 Τίνα
471 2383 643 2446 σημεῖα
681 2383 953 2448 προηγεῖται
995 2374 1248 2433 μελλούσης
1288 2374 1552 2430 α’ποτέξεως
1593 2377 1843 2432 γίγνεσθαι

418 2436 500 2492 τῆς
531 2433 651 2479 κατὰ
686 2434 843 2491 φύσιν.

152 2493 259 2538 XXI
327 2495 444 2538 Τίνα
478 2497 557 2538 δεῖ
582 2492 960 2551 παρασκευαζειν
993 2493 1109 2550 πρὸς
1140 2491 1226 2550 τὴν
1258 2489 1536 2550 ἀποκύησιν.

154 2552 286 2597 XXII
347 2552 467 2606 Περὶ
501 2549 879 2626 ἐγκατεχομένων
913 2554 1160 2623 δευτέρων.

156 2611 330 2669 [ΧΧΙΙΙ
395 2613 477 2662 Τίς
508 2628 535 2667 η
570 2628 662 2655 των
695 2615 1089 2668 αποκεκυηκυιῶν
1122 2607 1398 2668 ἐπιμέλεια]

157 2670 330 2728 [XXIV
390 2671 457 2715 De
490 2671 768 2727 purgatione
800 2672 908 2727 post
938 2670 1158 2727 partum]

387 2729 456 2775 De
486 2729 780 2786 ruptionibus
813 2731 863 2772 in
894 2730 1063 2787 partu]

158 2764 289 2833 XXV
323 2790 413 2846 (23)
477 2788 596 2846 Περι
629 2784 930 2846 σπαργήσεως
962 2789 1161 2846 μαστῶν.
