2014 3162
853 130 912 134 —
1000 100 1250 153 102—-

200 232 421 299 oleastri,
462 235 689 298 cupressi
738 236 884 284 etiam
925 234 1088 284 mollia
1129 241 1178 284 et
1218 234 1339 283 mala
1381 234 1586 300 cydonia
1625 236 1694 286 ibi
1742 236 1884 287 deco-

200 321 430 373 quamuS,
483 315 533 356 et
580 310 650 357 sic
704 316 787 358 aut
827 309 985 358 solum
1031 308 1392 372 encolpizemus
1433 315 1516 358 aut
1555 311 1651 376 ipsi
1690 311 1888 360 humori

198 379 555 430 admisceamus
601 381 795 431 alumen
845 384 1054 432 scissum
1110 381 1186 431 vel
1226 383 1440 431 acaciam
1478 382 1556 431 vel
1593 383 1776 449 lycium
1815 386 1887 434 in-

199 453 362 502 dicum
403 455 479 504 vel
518 456 841 520 ypoquistida.
920 455 1095 504 melius
1129 461 1293 505 autem
1334 455 1571 506 faciemus
1613 459 1655 506 si
1687 473 1747 507 ex
1780 459 1887 523 ipso

151 527 405 577 5humore
454 529 805 579 encathismata
851 529 1184 578 adhibeamus.
1276 528 1487 578 relevata
1540 545 1656 579 vero
1703 533 1752 580 in
1802 531 1886 580 ali-

196 608 436 667 quantum
475 618 621 652 causa
661 618 924 667 possumus
967 611 1016 652 et
1047 603 1125 651 dia
1165 602 1338 651 chartu
1381 618 1494 652 cum
1526 610 1701 668 aquata
1733 619 1887 668 pusca

194 676 402 743 inicere,
454 676 530 725 vel
583 676 841 726 antheram
887 676 984 726 illic
1032 676 1266 725 solvimus
1315 683 1364 725 et
1419 676 1648 726 omnibus
1702 679 1889 727 utimur

194 749 543 800 iniectionibus
593 765 715 814 quas
755 752 803 799 in
845 751 1124 816 dysenteria
1163 749 1314 799 habes
1354 751 1551 815 positas
1615 752 1667 799 in
1707 757 1888 800 statuta

194 836 310 870 vero
351 826 695 875 conceratione
740 852 801 859 --
847 824 977 889 quod
1017 826 1124 873 visu
1163 823 1363 888 probari
1401 831 1565 889 potest
1599 826 1734 873 iuxta
1773 836 1888 889 pro-

127 900 322 947 mxima
375 898 480 948 loca
528 901 570 948 si
617 900 776 947 omnis
827 898 1030 963 nigredo
1083 897 1340 964 ceciderit,
1396 899 1438 946 si
1477 913 1592 946 vero
1633 899 1767 947 intus
1809 906 1885 949 est

194 987 371 1022 cancer
420 988 478 1022 ex
526 989 584 1022 eo
637 972 768 1036 quod
817 979 867 1022 et
906 971 1045 1021 dolor
1085 973 1327 1020 minuitur
1367 978 1416 1020 et
1455 971 1620 1020 fervor
1661 973 1883 1038 recessit,

197 1046 358 1096 febres
409 1048 557 1096 etiam
597 1049 638 1096 si
679 1046 1019 1110 tranquillatae
1060 1053 1197 1111 sunt,
1254 1051 1542 1094 convertere
1583 1044 1788 1094 debebis
1827 1045 1887 1094 ad

193 1122 423 1169 universa
464 1136 589 1185 quae
630 1120 876 1169 fervuram
915 1119 1135 1168 relaxare
1175 1126 1404 1184 possunt,
1455 1117 1677 1183 cibisque
1718 1118 1886 1168 huma·

194 1194 418 1243 nioribus
457 1196 531 1244 uti
571 1196 621 1243 in
661 1195 953 1243 remissione
993 1192 1183 1242 scilicet
1214 1201 1299 1241 aut
1331 1191 1544 1241 febrium
1575 1198 1660 1241 aut
1685 1191 1885 1242 doloris·

127 1276 169 1309 15
306 1262 440 1335 (72.)
489 1283 602 1317 cum
640 1283 757 1317 vero
797 1267 1055 1332 limpidum
1079 1266 1231 1315 fuerit
1256 1265 1449 1332 vulnuS,
1493 1267 1589 1314 iam
1621 1280 1887 1330 possumus

194 1348 244 1391 et
296 1343 458 1390 varios
514 1341 650 1391 cibos
706 1348 755 1390 et
805 1343 974 1390 vinum
1013 1340 1130 1389 dare
1171 1345 1219 1388 et
1268 1339 1460 1389 lavacro
1500 1340 1587 1388 uti.
1653 1339 1886 1389 universo

193 1417 326 1464 enim
380 1422 636 1480 resumpto
686 1430 894 1479 corpore
943 1414 1083 1463 facile
1124 1414 1308 1478 poterit
1347 1420 1397 1462 et
1443 1411 1620 1462 vulnus
1660 1412 1721 1461 ad
1762 1415 1886 1463 cica-

193 1490 368 1539 tricem
417 1491 691 1554 pervenire.
769 1504 868 1553 quo
916 1494 1140 1553 tempore
1194 1486 1320 1536 bene
1378 1488 1565 1536 utimur
1619 1487 1886 1536 iniectione

191 1562 274 1612 illa
322 1564 420 1611 vini
470 1564 522 1611 in
563 1578 660 1627 quo
700 1562 903 1611 decocta
943 1568 1059 1611 sunt
1099 1560 1215 1609 folia
1254 1575 1396 1609 rosae
1438 1567 1486 1609 et
1526 1559 1732 1624 cydonia
1763 1560 1889 1610 mala

128 1636 273 1686 20vel
321 1636 524 1700 mespila
571 1636 647 1685 vel
694 1635 840 1685 sorba
891 1641 941 1684 et
980 1634 1242 1684 lenticulae
1282 1641 1367 1683 aut
1405 1633 1669 1699 palmulae,
1724 1634 1792 1683 ita
1833 1640 1888 1683 ut

193 1712 324 1760 sicut
379 1712 610 1775 superins
659 1710 758 1759 dixi
806 1724 865 1758 cx
912 1710 1034 1773 ipsis
1080 1706 1231 1757 rebus
1279 1708 1632 1757 encathismate
1673 1712 1885 1757 utamur.

191 1786 244 1833 in
283 1785 504 1849 pessario
546 1799 660 1833 vero
701 1783 779 1832 dia
803 1797 976 1831 moron
1008 1782 1133 1830 bene
1164 1781 1428 1845 adponitur
1460 1786 1545 1830 aut
1569 1780 1648 1828 dia
1672 1780 1886 1829 cadmias

193 1857 270 1907 vel
309 1858 387 1907 dia
426 1857 603 1907 ladanu
636 1857 742 1906 oleo
785 1862 1108 1921 conpetenter
1148 1854 1319 1904 soluta.
1399 1870 1524 1920 quae
1563 1853 1887 1904 medicamina

314 2005 337 2043 1
373 1999 590 2058 Cypressi
619 2002 672 2046 h:
705 2012 954 2057 conpressa,
985 1999 1035 2053 b,
1070 2002 1127 2042 cu
1158 2009 1318 2054 pressa.
1348 1997 1379 2041 l.
1512 1996 1685 2042 eibonia
1717 1997 1790 2052 bl,
1824 1995 1885 2042 ci-

192 2058 335 2104 donia
364 2059 406 2102 h.
529 2065 555 2103 2
589 2060 830 2117 encolpiza,
855 2060 880 2102 b
913 2060 1112 2114 (-zamur
1136 2057 1220 2112 lh).
1342 2056 1497 2113 ipsum
1526 2056 1770 2100 humorem
1802 2055 1888 2100 ad-

193 2117 471 2163 misceamus
504 2119 577 2174 bl,
610 2119 712 2176 ipso
745 2118 929 2162 humori
960 2115 1269 2161 admiscemus
1298 2116 1341 2160 h.
1473 2120 1499 2160 3
1532 2114 1695 2170 agatia,
1725 2115 1764 2159 b.

193 2182 222 2221 4
253 2177 329 2222 vel
360 2177 664 2234 ypoquistida
693 2180 743 2223 h:
777 2177 854 2221 vel
886 2176 1009 2221 stida.
1035 2176 1135 2232 (sic)
1164 2176 1227 2219 bl.
1351 2179 1377 2218 5
1413 2176 1461 2218 et
1491 2172 1748 2218 encatisma
1779 2173 1885 2218 adh.

192 2237 233 2280 h.
343 2237 552 2281 relevata
582 2239 631 2282 h:
663 2237 872 2281 revelata,
904 2237 944 2293 b,
976 2235 1190 2279 revoluta,
1221 2234 1248 2278 l.
1374 2238 1400 2277 6
1434 2247 1573 2278 causa.
1603 2234 1654 2277 h:
1689 2237 1745 2276 cu
1779 2234 1887 2290 (pro

196 2297 267 2351 ca)
300 2296 365 2340 bl.
520 2301 544 2341 7
578 2297 804 2341 antherz'm
834 2297 883 2350 h,
930 2296 1092 2338 autera
1124 2294 1189 2338 bl.
1340 2291 1438 2335 illic
1472 2293 1549 2336 bl:
1581 2292 1694 2336 illuc
1724 2292 1766 2335 h.

194 2354 375 2398 solvere
406 2357 448 2402 h.
594 2355 789 2400 utimur:
822 2354 894 2398 uti
925 2355 1025 2399 blh.
1178 2357 1204 2396 8
1238 2350 1514 2396 dissenteria.
1546 2352 1586 2407 b,
1619 2350 1719 2407 di(y
1742 2349 1886 2407 h)sin-

194 2412 317 2457 teria
349 2414 414 2457 lh.
538 2415 576 2458 Sc
607 2413 838 2459 instatuta.
868 2427 978 2459 vero
1012 2414 1052 2469 b,
1085 2412 1123 2455 Sc
1152 2410 1399 2455 instituero
1433 2410 1462 2466 l,
1495 2411 1673 2454 statuta.
1696 2423 1807 2454 vero
1841 2410 1886 2454 h.

256 2477 281 2516 9
316 2472 383 2528 qd
412 2471 483 2516 vis
517 2474 777 2528 obprobare
810 2474 849 2518 b.
975 2477 1027 2517 11
1062 2468 1231 2514 minuit
1261 2469 1361 2514 blb.
1482 2468 1724 2513 recesserit
1754 2469 1795 2514 h.

198 2535 252 2574 12
287 2531 327 2574 si
357 2530 700 2587 tranquillitate
733 2534 758 2576 b
793 2533 851 2588 (et
874 2545 956 2577 om.
984 2532 1040 2588 si)
1073 2530 1117 2585 h,
1150 2527 1515 2584 stranquillitalze
1547 2529 1574 2572 l.
1718 2531 1770 2571 13
1803 2526 1887 2570 hu-

196 2589 483 2635 manioribus
516 2591 590 2635 bl:
623 2590 897 2635 humoribus
928 2593 970 2635 h.
1089 2593 1143 2633 16
1177 2589 1223 2631 el:
1256 2589 1379 2643 (ante
1409 2587 1521 2643 lav.)
1555 2599 1637 2631 om,
1671 2587 1736 2630 bl.
1832 2591 1886 2630 19
1927 2621 1931 2627 .

197 2647 373 2693 citonia.
404 2649 467 2694 bl.
590 2653 646 2694 20
681 2652 728 2694 et
761 2651 832 2694 bl:
865 2651 942 2694 vel
970 2651 1013 2695 h.
1151 2648 1233 2691 aut
1262 2645 1499 2703 palmulae
1530 2646 1602 2690 bl:
1636 2658 1717 2689 om.
1751 2646 1793 2688 h.

195 2712 252 2751 21
288 2708 598 2753 encatismata
628 2709 803 2753 utimur
835 2710 906 2764 bl,
943 2709 1201 2753 encatisma
1231 2705 1392 2749 utatur
1422 2705 1463 2749 h.
1586 2708 1641 2747 22
1676 2703 1888 2748 diamaro

195 2767 263 2810 bl.
387 2767 641 2811 diacasmia
665 2768 729 2812 bl.
851 2772 907 2811 23
941 2768 1243 2812 dialadanum
1266 2765 1315 2809 h:
1350 2763 1672 2820 diadamnu(m
1689 2764 1731 2819 b)
1759 2763 1823 2808 bl.

195 2825 235 2869 ἃ
270 2825 372 2871 oleo
406 2827 458 2872 bl
491 2832 601 2884 (non
631 2827 692 2882 h).
817 2825 1176 2884 com(n)pe'tenti
1206 2824 1234 2868 h
1267 2824 1379 2880 (-ter
1411 2823 1491 2880 bl).
