2014 3162
713 111 1116 163 —219—

68 244 255 314 ἄγριον.
331 249 429 295 τῶν
483 243 536 295 δὲ
590 241 688 296 ἀπὸ
744 246 962 310 ταμιείου
1018 244 1180 306 ἐλαίας
1234 244 1572 313 κολυμβάδας,
1627 251 1755 313 μῆλα

70 323 293 378 κυδώνια
339 324 420 375 καὶ
465 322 650 376 τούτων
698 321 899 391 μάλιστα
936 323 989 377 τὸ
1029 322 1194 378 ὀπτόν.
1270 323 1322 377 τὸ
1362 326 1451 392 μὲν
1488 325 1581 395 γὰρ
1622 323 1755 393 ὦμὸν

73 404 511 473 δυσκατέργαστον,
557 402 610 456 τὸ
651 404 703 456 δὲ
742 402 1005 472 ἡψημένον
1043 403 1185 457 ὕδατι
1226 403 1315 472 τὴν
1351 405 1538 473 πολλὴν
1577 406 1756 473 στύψιν

70 483 356 553 ἀποβάλλει,
395 483 448 537 τὸ
489 485 542 537 δὲ
581 485 916 552 περιθλασθὲν
953 487 1034 538 καὶ
1073 484 1363 554 ἆποπτηθὲν
1402 484 1518 553 μετὰ
1556 492 1642 539 τοῦ
1680 509 1756 553 τη-

68 574 172 635 ρεῖν
216 564 306 634 τὴν
351 564 583 633 ποιότητα
628 565 994 635 προσλαμβάνει
1041 565 1093 620 τὸ
1143 565 1533 636 εὖκατέργαστον.
1615 570 1659 619 εἰ
1704 567 1757 619 δὲ

70 645 234 714 ἑφθὸν
279 646 400 700 αὐτό
444 668 514 709 τις
560 645 786 714 βούλοιτο
834 651 1027 715 λαβεῖν,
1074 649 1464 715 ε’πιδιακείμενον
1514 646 1631 702 αὐτὸ
1670 669 1757 700 κα-

70 727 242 796 λάμοις
282 729 492 796 ἕψητέον
530 725 561 795 ἢ
603 729 894 795 κρεμαστέον
935 727 1018 780 διά
1048 751 1179 791 τινος
1212 727 1330 781 ὥστε
1361 726 1427 796 μὴ
1462 734 1547 781 τοῦ
1578 727 1758 791 ὕδατος

67 808 332 875 ἅπτεσθαι,
389 807 471 861 διὰ
527 809 581 861 δὲ
633 814 718 875 τῆς
771 806 938 875 ἀτμῶν
991 815 1152 877 φορᾶς
1206 813 1374 877 λαβεῖν
1427 808 1517 876 τὴν
1561 810 1756 877 ἕψησιν.

69 890 240 943 δοτέον
294 890 349 942 δὲ
399 891 482 942 καὶ
528 889 680 942 ἅπιον
726 886 758 955 ἢ
806 890 1040 956 μέσπιλον
1083 887 1116 958 ἢ
1165 894 1381 959 σοῦρβον
1426 887 1459 957 η’
1502 888 1758 957 σταφυλὴν

67 969 158 1038 τὴν
197 969 296 1023 ἀπὸ
335 969 513 1039 χύτρας
550 968 582 1038 ἢ
623 966 911 1038 κρεμαστήν.
966 978 1243 1039 πνευματοῖ
1273 970 1366 1040 γὰρ
1397 969 1429 1038 ἡ
1461 969 1755 1038 πρόσφατος.

63 1053 148 1104 καὶ
198 1049 469 1152 αμύγδαλα.
552 1053 855 1120 προνοητέον
911 1053 965 1106 δὲ
1011 1051 1145 1116 όπως
1191 1053 1346 1120 μηδὲν
1394 1055 1423 1122 ᾖ
1468 1058 1565 1104 τῶν
1611 1068 1756 1119 προσ-

68 1133 354 1200 φερομένων
392 1134 830 1201 κεκαρυκευμένον.
896 1133 949 1187 τὸ
987 1157 1080 1203 γαρ
1118 1137 1343 1188 ποικίλον
1380 1135 1464 1186 καὶ
1501 1137 1757 1202 περίεργον

64 1218 153 1280 τῆς
191 1211 437 1281 ἀρτύσεως
476 1217 825 1282 βραδυπεψίας
862 1216 945 1266 καὶ
984 1213 1270 1282 διαφθορὰς
1308 1217 1472 1266 σιτίων
1509 1221 1651 1267 ποιεῖ.

30 1285 42 1291 ἢ
179 1300 264 1347 52.
302 1293 398 1362 πρὸ
439 1295 492 1347 δὲ
529 1301 615 1348 τοῦ
654 1300 824 1363 λαβεῖν
861 1293 950 1363 τὴν
987 1294 1179 1363 τροφὴν
1215 1298 1330 1347 εἴτι
1361 1294 1572 1363 συρρυὲν
1603 1292 1758 1363 ὑγρὸν

66 1374 144 1426 ἐπὶ
197 1373 284 1427 τὸν
337 1373 602 1444 στόμαχον,
665 1375 724 1429 οὗ
788 1377 1032 1429 κωλυτέον
1085 1374 1203 1430 αὐτὸ
1259 1379 1370 1444 δίχα
1423 1373 1756 1444 συγκινήσεως

65 1454 374 1508 ἐπιπολάσαν
420 1455 503 1508 διὰ
548 1463 647 1509 τῶν
691 1457 874 1524 ε’μέτων
919 1458 1155 1525 ἐκβαλεῖν.
1247 1455 1312 1525 μὴ
1364 1456 1758 1524 προεξαντληθὲν

65 1534 160 1606 γὰρ
199 1539 355 1589 αἰτιον
394 1535 512 1590 αὐτὸ
552 1541 767 1607 γίγνεται
803 1543 890 1591 τοῦ
928 1536 1020 1605 τὴν
1058 1538 1420 1606 ἐπιφερομένην
1459 1539 1759 1604 φθείρεσθαι

64 1615 270 1685 τροφήν.
353 1619 511 1671 ἔνιοι
560 1619 622 1671 δὲ
667 1624 780 1672 τῶν
826 1615 1192 1687 ἑτεροδόξων
1238 1619 1322 1670 καὶ
1374 1617 1758 1686 προηγουμένως

62 1696 347 1767 παρῄνεσαν
398 1698 598 1768 χλιαρὸν
649 1699 786 1767 ὕδωρ
841 1703 1125 1768 προπίνειν,
1188 1697 1303 1752 εἶθα
1363 1699 1592 1751 καθιέναι
1644 1696 1758 1760 τοὺς

65 1776 336 1841 δακτύλους
380 1781 462 1831 καὶ
513 1781 681 1848 ἔμετον
731 1778 1048 1848 ἐπιτηδεύειν.
1127 1783 1178 1833 οἷ
1221 1778 1266 1832 δ’
1311 1777 1455 1832 αὐτοί
1490 1795 1612 1845 φασι
1653 1781 1757 1845 δρι-

64 1860 179 1926 μεός
226 1859 314 1926 μὲν
351 1861 434 1911 καὶ
471 1860 738 1929 πυρώδους
775 1859 1136 1924 πλεονάσαντος
1173 1859 1330 1930 ὑγροῦ
1371 1861 1455 1912 καὶ
1494 1857 1577 1912 διὰ
1615 1865 1756 1912 τοῦτο

63 1937 150 1992 τὸν
190 1937 433 2007 στόμαχον
470 1940 840 2005 ἆναδάκνοντος
879 1943 962 1995 καὶ
993 1948 1284 2041 πυροῦντος,
1315 1939 1601 2008 ανδράχνης
1632 1938 1757 1992 ἆπό-

63 2024 250 2117 βρεγμα
295 2044 326 2088 η
366 2019 588 2090 άπόζεμα
626 2023 824 2077 διδόναι
861 2026 1023 2076 πίνειν
1060 2046 1092 2090 η
1133 2044 1216 2074 και
1255 2019 1410 2123 αὐτην
1449 2022 1635 2073 ἐσθίειν
1671 2021 1758 2073 πέ-

62 2100 196 2154 πονά
240 2123 288 2154 τε
342 2104 424 2154 καὶ
462 2103 646 2157 σικύων
686 2106 874 2174 σπέρμα
912 2102 1028 2172 μεθ’
1072 2103 1253 2166 ύδατος
1294 2105 1376 2156 καὶ
1414 2100 1602 2172 γλυκυν
1637 2123 1756 2201 κρη-

1783 995 1824 1027 10

1781 1397 1824 1430 15

1782 1804 1825 1836 20

62 2181 199 2235 τικὸν
251 2180 283 2250 ἢ
339 2181 612 2252 ἆβρότονον
658 2209 689 2253 η
740 2184 990 2253 ἆψίνθιον
1043 2182 1075 2253 ἢ
1123 2189 1363 2251 συριακῆς
1401 2182 1591 2251 νάρδου
1630 2181 1755 2236 ἆπό-
1779 2205 1822 2240 25

65 2267 251 2334 βρεγμα
287 2287 319 2332 η
359 2272 590 2334 κρητικῆς
627 2265 997 2337 τραγοριγάνου.
1076 2266 1257 2334 παχέος
1295 2265 1350 2318 δὲ
1387 2265 1470 2317 καὶ
1508 2267 1757 2332 γλίσχρον,

185 2376 208 2415 1
257 2375 452 2430 ταμείου
496 2389 532 2418 c.
597 2374 654 2418 of.
689 2374 811 2419 Cael.
847 2389 917 2419 ox.
952 2379 992 2430 3,
1017 2378 1128 2419 204·
1176 2373 1338 2418 dehinc
1370 2386 1392 2416 e
1422 2372 1606 2416 cellario
1637 2372 1758 2428 quod

65 2430 232 2476 Graeci
262 2433 542 2505 apptamiam
573 2434 621 2489 (1.
647 2447 735 2505 app
760 2435 923 2488 tamiu)
955 2436 1134 2486 vocant,
1163 2432 1453 2490 colymbadas
1483 2431 1628 2475 olivas
1659 2430 1755 2484 fra-

30 2491 39 2503 ²
63 2493 174 2536 ctas.
314 2488 467 2535 ἐλαιάι
499 2491 808 2565 κολυμβάὸες,
841 2490 997 2564 μήλων
1032 2492 1278 2536 κυδωνίων
1310 2505 1348 2535 ο.
1471 2494 1500 2533 4
1530 2492 1755 2545 περιπλα-

65 2548 186 2593 σθέν
218 2563 255 2593 c.
377 2555 404 2594 6
439 2547 833 2609 ἔπιδιακειμένων
865 2547 982 2596 αὐτὸ
994 2551 1118 2622 (sic)
1151 2545 1375 2606 καλάμων
1408 2562 1432 2591 c
1465 2550 1597 2605 (corr.
1625 2548 1694 2603 E).

0 2649 2 2682 ι
65 2611 92 2651 9
124 2608 326 2666 σοῦρβον
357 2610 428 2666 (ut
458 2611 594 2655 sorba
626 2611 747 2656 Cael.
780 2611 810 2654 1.
845 2612 923 2667 0.):
957 2603 1100 2654 οὖονῗ
1132 2608 1193 2653 Ε2
1223 2624 1268 2666 p.
1303 2613 1343 2652 9.
1370 2612 1440 2653 28.
1587 2612 1642 2652 10
1674 2602 1755 2650 κύ-

0 2686 2 2696 ’
35 2667 188 2738 Δθροις
220 2680 259 2711 c.
394 2672 446 2712 11
479 2684 554 2726 πρ
587 2669 670 2713 καὶ
700 2667 1071 2727 καρυκευμάτων
1103 2683 1127 2713 c
1160 2665 1234 2725 (ἐκ
1264 2683 1305 2712 κ.
1338 2668 1408 2723 Ε).
1548 2671 1604 2710 14
1636 2666 1755 2709 εἴτι

0 2737 1 2778 ξ
63 2723 124 2768 E:
158 2723 226 2769 ἔτι
259 2740 296 2770 c.
418 2725 626 2785 σωρρυὲν
660 2728 758 2785 (sic)
786 2743 811 2774 ο
844 2730 977 2799 (corr.
1003 2728 1064 2784 d)
1191 2731 1244 2771 16
1280 2722 1564 2771 &antemnae
1589 2723 1689 2780 (sic)
1717 2738 1753 2768 e.

60 2789 181 2899 2,19
215 2781 400 2840 χλιερὸν
433 2800 471 2833 ο.
638 2792 693 2832 23
726 2784 910 2832 πέπονά
942 2803 991 2832 τε
1027 2787 1127 2845 (sic)
1162 2799 1185 2830 c
1218 2787 1330 2842 (non
1361 2783 1447 2840 δὲ).
1511 2784 1566 2828 cf.
1599 2782 1752 2827 Diosc.

133 2847 218 2888 162
242 2858 308 2900 sq.
