2014 3162
833 107 1233 160 —276-2

186 241 360 311 βάνειν
391 239 508 303 τοὺς
539 239 854 307 σφονδύλους
885 242 966 292 καὶ
992 238 1222 306 εὐκαμπῆ
1253 243 1343 305 τῆν
1367 236 1511 306 ῥάχιν
1534 235 1877 290 ἀποτελεῖσθαι

185 324 269 375 καὶ
314 320 371 374 τὰ
420 326 571 389 νεῦρα
608 320 837 387 καθάπερ
877 322 930 373 ἐκ
969 324 1249 387 συστροφῆς
1286 340 1418 380 τινος
1455 315 1754 383 ἀπλοῦσθαι,
1791 316 1872 369 κᾶ-

185 424 325 456 πειτα
373 407 632 470 προσηνῶς
678 400 796 454 αὐτὸ
837 403 1139 469 σχηματίζειν
1175 397 1297 451 κατὰ
1335 405 1434 451 τῶν
1469 404 1556 466 τῆς
1592 401 1878 460 λελουκυίας

189 489 359 551 μηρῶν
411 485 494 535 καὶ
544 488 609 555 τῷ
663 482 1066 552 προυποκειμένῳ
1122 478 1259 549 ῥάκει
1305 477 1527 549 ὠμολίνῳ
1578 478 1878 547 περιβληθὲν

145 587 167 620 5
191 563 461 632 ἐκμάσσειν.
538 561 638 615 εἶτα
684 565 1004 628 συναλείφειν
1042 562 1245 623 ἐκτενῶς
1282 561 1365 612 καὶ
1401 563 1584 628 τρίβειν
1622 559 1737 627 μετὰ
1776 563 1877 612 δια-

186 651 412 713 πλασμοῦ
453 643 597 711 μέρος
635 644 838 696 ἕκαστον
878 641 996 695 ὥστε
1035 640 1310 709 λεληθότως
1347 638 1400 694 τὸ
1441 639 1607 709 ἀκμὴν
1645 639 1877 709 ἀδιαμόρ-

188 748 356 792 φωτον
395 728 463 787 εἰς
499 723 616 787 τοὺς
653 722 776 777 κατὰ
815 722 969 790 φύσιν
994 727 1374 789 διατυπωθῆναι
1411 728 1730 791 χαρακτῆρας.
1775 725 1878 774 δια·

187 804 468 874 κρατήσασα
506 799 599 858 οὗν
631 802 664 873 ἡ
695 803 836 872 τιτθὴ
869 805 985 858 ποτὲ
1017 805 1106 872 μὲν
1128 802 1214 857 τὸν
1237 802 1430 872 καρπὸν
1455 801 1570 870 μετὰ
1595 801 1878 865 ἀποτάσεως

187 892 274 954 τῆς
313 889 473 949 δεξιᾶς
510 884 668 954 χειρὸς
705 884 858 953 λοξὴν
887 884 1008 938 κατὰ
1041 884 1225 955 ῥάχεως
1257 883 1355 938 ἀπὸ
1381 883 1644 952 εὐωνύμου
1670 890 1878 953 γλουτοῦ

126 992 168 1023 10
190 967 281 1036 τὴν
319 975 487 1037 τρῖψιν
520 966 689 1037 ἀγέτω,
727 967 842 1021 ποτὲ
875 967 928 1019 δὲ
958 968 1043 1019 καὶ
1063 965 1116 1019 τὸ
1151 964 1315 1029 δεξιὸν
1347 964 1543 1033 σφυρὸν
1572 971 1880 1034 κατασχοῦσα

188 1049 339 1102 πάλιν
379 1047 478 1102 ἀπὸ
524 1055 610 1116 τῆς
656 1047 916 1116 εὐωνύμου
966 1046 1255 1116 ὠμοπλάτης
1300 1048 1381 1100 ἐπὶ
1426 1045 1478 1100 τὸ
1527 1045 1689 1110 δεξιὸν
1727 1045 1880 1116 ἀγέτω

190 1131 369 1193 σκέλος.
427 1128 510 1182 εἶτ’
554 1131 632 1182 ἐπὶ
671 1129 814 1199 ῥάχιν
852 1128 1109 1181 ἀνακλάτω
1149 1127 1208 1181 τοὶ
1238 1134 1388 1194 κῶλα,
1429 1126 1591 1191 δεξιὸν
1619 1128 1707 1195 μὲν
1737 1125 1882 1196 ἀκρο-

188 1210 367 1265 πόδιον
427 1209 658 1282 ἀριστερῷ
713 1209 1033 1278 προσάγουσα
1086 1207 1245 1278 χειρὸς
1300 1209 1459 1280 ἄκρῳ,
1514 1205 1775 1277 εὐώνυμον
1829 1209 1884 1265 δὲ

191 1295 348 1364 δεξιῷ.
426 1288 720 1359 μαλάσσεται
771 1290 865 1360 γὰρ
921 1290 1048 1344 οὕτω
1099 1290 1156 1343 τὰ
1204 1296 1357 1358 νεῦρα
1395 1296 1492 1342 τῶν
1535 1289 1766 1358 ἄρθρων,
1814 1284 1884 1343 ὧν

125 1395 166 1428 15
192 1374 395 1426 ἕκαστον
426 1370 794 1439 εὖκινητότερον
820 1380 925 1435 ταῖς
956 1375 1200 1435 ποικίλαις
1221 1379 1550 1442 περιαγωγαῖς
1571 1369 1884 1436 ἀποτελεῖται,

191 1455 273 1506 καὶ
319 1457 369 1506 εἴ
406 1476 448 1506 τι
495 1456 787 1522 γλισχρῶδες
842 1454 1201 1521 συνισταμένου
1251 1459 1338 1507 τοῦ
1379 1451 1506 1524 ζῴου
1543 1451 1884 1519 παρεισεόύετο

191 1542 292 1597 τοῖς
341 1534 573 1603 ἄρθροις,
629 1536 920 1603 ἐκθλίβεται.
998 1533 1113 1602 μετὰ
1172 1534 1227 1587 δὲ
1272 1533 1363 1602 τὴν
1408 1533 1526 1587 καθ’
1571 1538 1632 1587 ἓν
1679 1533 1885 1602 μάλαξιν

192 1614 445 1683 ἀμφότερα
491 1614 549 1667 τὰ
589 1616 732 1682 σκέλη
772 1613 896 1683 πρὸς
928 1619 989 1667 ‘gv
1029 1613 1315 1684 συνάγουσα
1354 1614 1437 1668 διὰ
1476 1615 1565 1683 μὲν
1602 1621 1688 1683 τῆς
1726 1616 1886 1682 ἑτέρας

192 1694 351 1765 χειρὸς
397 1694 513 1764 μετὰ
559 1694 842 1759 ἀποτάσεως
891 1697 1151 1764 συνεχέτω,
1200 1695 1284 1749 διὰ
1331 1697 1384 1748 δὲ
1430 1702 1515 1763 τῆς
1560 1697 1722 1764 ἑτέρας
1771 1694 1886 1748 ὅλον

43 1825 52 1832 .
125 1802 169 1833 20
191 1776 313 1831 κατὰ
353 1784 508 1846 μῆκος
546 1779 757 1845 τριβέτω.

307 1865 427 1912 102.
489 1860 572 1911 καὶ
624 1864 835 1920 τοπικῶς
882 1857 1055 1927 ἰγνύας
1094 1859 1183 1926 μὲν
1222 1859 1554 1911 ἐκπλατυνέτω
1594 1864 1649 1928 τῇ
1682 1863 1768 1911 τοῦ
1805 1859 1886 1910 θέ-

193 1962 344 2006 ναρος
376 1941 625 2011 ἐπαγωγῇ,
665 1937 832 2007 σφυρὰ
865 1940 918 1991 δὲ
949 1937 1175 2007 ἀλλήλοις
1206 1941 1522 2009 προσηγμένα
1554 1938 1771 2008 ζυγούτω
1805 1941 1913 1991 καὶ4

194 2021 465 2091 ῥυθμιζέτω
512 2022 596 2073 καὶ
639 2018 761 2072 κατὰ
805 2019 896 2088 τὴν
940 2019 1208 2087 ἀνάτριψιν
1250 2011 1360 2088 τὴν
1387 2017 1488 2074 ἀπὸ
1527 2027 1626 2073 τῶν
1665 2026 1887 2087 πτερνῶν

194 2101 280 2165 τὰς
338 2103 573 2171 προτέρας
626 2099 870 2171 ὑπεροχὰς
926 2103 1271 2155 καταστελλέτω
1327 2102 1663 2170 ὃιορθουμένη
1718 2099 1770 2155 τὸ
1811 2102 1887 2154 ε’κ-

321 2261 342 2298 1
377 2251 667 2305 σπονδυλους
699 2268 736 2300 c.
891 2259 916 2298 3
955 2255 1179 2305 λουκυιάς
1209 2268 1234 2298 c
1251 2255 1399 2325 (corr
1433 2253 1505 2310 D).
1658 2259 1687 2298 4
1717 2249 1746 2309 ἢ
1780 2255 1887 2298 ante

200 2310 336 2370 ῶμολ.
371 2327 395 2356 c
429 2313 535 2369 (del.
568 2314 641 2382 Ε).
791 2318 817 2357 6
859 2307 973 2357 ῶστε
1006 2310 1058 2356 τὸ
1091 2309 1355 2369 λεληθότως
1388 2328 1583 2358 εκαστον
1617 2310 1775 2370 ἀκμὴν
1807 2307 1885 2357 ἀδ

198 2371 456 2486 Ξέοοτὲὅξῖ
513 2388 600 2476 qu}
631 2373 721 2417 del.
751 2370 1022 2475 Ιἕκαστον
1009 2374 1058 2415 et
1088 2370 1371 2417 Herwerden
1412 2372 1491 2428 qui
1521 2368 1887 2486 ἡταῃεΡοειιίὺΕτῖ

634 2448 720 2476 ουν
874 2447 904 2474 οι
967 2431 1053 2474 οὐν
1086 2445 1122 2476 c.
1255 2427 1532 2475 ἀποστάσεω
1591 2447 1614 2477 o
1667 2445 1782 2476 corr.

262 2446 337 2533 1?
341 2485 677 2562 ῶμΟΙπλάτεως
708 2504 745 2534 c.
843 2448 870 2487 γ
901 2447 1017 2533 f3”
987 2485 1135 2545 ἄκρον
1168 2503 1192 2534 c
1225 2491 1364 2561 (corr.
1390 2490 1464 2547 D).
1538 2449 1559 2483 ς
1619 2433 1733 2534 υἷ’
1705 2485 1890 2545 ἀρόρῶν

203 2549 304 2605 (sic)
339 2547 536 2593 ἕκαστον
569 2563 594 2593 c
627 2551 758 2605 (corr.
793 2548 864 2606 E).
1018 2553 1071 2593 16
1113 2546 1433 2618 συνισταμένω
1465 2549 1527 2593 τῶ
1562 2546 1665 2603 ζώω
1699 2563 1723 2592 c
1756 2549 1889 2619 §corn

200 2608 272 2663 Ε).
395 2612 448 2652 17
483 2604 754 2666 ἐνθλίβεται
787 2622 810 2651 c
843 2609 975 2664 (corr.
996 2608 1079 2676 Ε.)
1213 2612 1267 2651 19
1302 2604 1419 2665 μετὰ
1453 2608 1552 2664 (sic)
1587 2605 1892 2657 ἀποστασεως

202 2681 226 2710 c
259 2667 390 2723 (corr.
422 2667 493 2722 Ε).
675 2671 730 2710 22
770 2663 1123 2723 προσηγμένους
1155 2667 1305 2722 ζυγῶν
1335 2682 1384 2710 τε
1417 2668 1499 2711 καὶ
1532 2682 1556 2711 c
1589 2669 1721 2738 (corr.
1755 2666 1828 2723 D).

202 2730 259 2769 23
292 2724 373 2769 καὶ
402 2725 480 2770 hic
512 2725 616 2770 add.
650 2725 711 2769 E²
741 2740 785 2782 Ρ.
812 2731 868 2770 46
902 2726 1009 2781 (om.
1044 2727 1099 2779 c).
1221 2726 1432 2781 πτερνῶν
1463 2726 1522 2770 E:
1556 2724 1759 2783 στέρνων
1793 2740 1829 2771 c.

204 2790 260 2828 24
292 2782 521 2855 προτέρας
552 2785 652 2840 (sic)
686 2799 731 2829 c:
774 2781 1166 2858 προφανεστέρας
1190 2783 1423 2829 Reinhold
1453 2785 1514 2828 Ε2
1545 2800 1590 2842 Ρ.
1617 2791 1687 2830 46.
1813 2781 1890 2829 ἐκ·
1967 2764 1979 2767 ⁷⁷

202 2841 491 2902 τρεπόμενον
522 2843 755 2888 Reinhold
786 2843 846 2887 Ε2
878 2858 921 2900 Ρ
948 2847 1026 2887 46:
1059 2840 1110 2886 τὸ
1145 2839 1198 2888 ἐκ
1229 2844 1439 2901 πτερνῶν
1474 2859 1509 2889 o
