2014 3162
878 159 1283 212 —354—

240 296 304 359 ὥς
342 297 425 348 καὶ
463 295 579 347 ἄλλο
618 316 661 346 τι
701 294 844 362 μέρος
873 298 960 346 τοῦ
993 292 1226 359 σώματος.
1286 287 1351 352 ὡς
1384 291 1564 342 ἐπίπαν
1598 290 1651 342 δὲ
1683 292 1737 342 αἱ
1766 311 1928 358 μικρο-

240 377 460 446 μεγέθεις
522 373 611 442 τὴν
664 372 858 442 ἡλικίαν
907 376 990 426 καὶ
1043 372 1132 442 τὴν
1191 369 1378 441 μήτραν
1434 370 1776 441 ἀναλογοῦσαν
1828 377 1929 432 τοῖς

240 463 428 520 λοιποῖς
476 457 634 524 μέρεσι
681 457 943 523 κέκτηνται.
1030 458 1241 524 γίγνεται
1290 453 1343 505 δὲ
1392 456 1622 506 δυστοκία
1667 454 1749 505 καὶ
1797 449 1928 519 παρὰ

241 538 293 591 τὸ
335 537 530 591 σκολιὸν
562 539 687 605 ἔχειν
718 535 803 589 τὸν
831 534 1072 604 τράχηλον
1103 541 1187 603 τῆς
1219 533 1418 602 μήτρας,
1456 531 1488 601 ἢ
1523 532 1656 603 παρὰ
1687 533 1738 587 τὸ
1772 533 1930 602 σάρκα

198 641 219 674 5
243 618 373 688 παρὰ
423 617 577 685 φύσιν
625 618 980 684 ἐπιπεφυκέναι
1026 623 1090 690 τῷ
1135 615 1355 687 τραχήλῳ
1410 613 1442 682 ἢ
1489 621 1554 688 τῷ
1601 613 1794 682 στόματι
1848 619 1933 681 τῆς

242 697 460 768 ὑστέρας,
499 696 531 766 ἢ
571 697 704 766 παρὰ
738 697 790 751 τὸ
824 697 1107 767 φλεγμονὴν
1137 695 1168 766 ἢ
1203 696 1459 764 ἀπόστημα
1491 695 1525 764 ἢ
1561 699 1758 764 σκίρρον
1790 697 1933 764 ἔχειν,

243 780 274 849 ἢ
315 779 447 848 παρὰ
493 778 545 832 τὸ
593 778 793 849 ἰσχυρὸν
838 779 955 832 ὄντα
993 777 1080 831 τὸν
1118 784 1203 831 τοῦ
1242 777 1611 846 προρρήγματος
1649 782 1827 845 χιτῶνα
1867 774 1932 844 μὴ

245 861 430 931 ἰσχύειν
477 859 530 914 τὸ
578 862 794 929 ἔμβρυον
839 866 1014 914 τοῦτον
1064 858 1349 928 ἀπορρῆξαι.
1428 856 1460 926 ἢ
1501 859 1811 927 ἐκκριθέντος
1848 862 1935 910 τοῦ

245 942 580 1012 ἠθροισμένου
635 944 688 994 ἕν
733 948 790 1013 τῇ
837 941 992 1012 μήτρα
1037 939 1191 1009 ὑγροῦ
1237 939 1333 1009 πρὸ
1381 946 1467 992 τοῦ
1516 938 1712 1002 δέοντος
1759 938 1934 1006 καιροῦ

182 1047 224 1078 10
249 1023 446 1091 ἅνικμοι
499 1024 582 1074 καὶ
631 1021 893 1090 κατάξηροι
943 1022 1175 1089 μένουσιν
1223 1024 1273 1074 οἵ
1313 1019 1454 1074 τόποι
1498 1019 1602 1073 κατ’
1654 1019 1805 1073 αὐτὸν
1853 1018 1938 1072 τὸν

249 1103 429 1174 χρόνον
467 1109 552 1171 τῆς
589 1101 925 1170 ἀποκυήσεως,
965 1101 1041 1155 ὅτε
1072 1105 1207 1170 χρεία
1237 1101 1411 1155 τούτου
1443 1108 1530 1155 τοῦ
1553 1100 1708 1171 ὑγροῦ
1732 1100 1938 1154 ὄλισθον

249 1187 331 1237 καὶ
379 1183 551 1251 εὐπετῆ
602 1184 825 1245 διέξοδον
862 1184 1157 1251 παρέχοντος
1196 1188 1261 1254 τῷ
1301 1181 1512 1254 ε’μβρύῳ.
1590 1181 1711 1249 [ἤδη
1753 1184 1819 1234 ἔτι
1856 1184 1940 1234 καὶ

249 1271 314 1336 τῷ
355 1263 451 1317 ἀπὸ
492 1267 687 1332 χηρείας
725 1267 1055 1332 πολυχρονίου
1093 1263 1457 1330 συνειληφέναι,
1498 1265 1624 1315 ἔνιαι
1656 1263 1709 1314 δὲ
1740 1264 1822 1315 καὶ
1856 1261 1938 1315 διὰ

251 1345 303 1399 τὸ
343 1346 704 1414 προβεβηκέναι
742 1350 798 1415 τῇ
821 1342 986 1415 ἡλικία
1017 1342 1282 1397 ἀτονοῦσαι
1317 1348 1650 1397 δυστοκοῦσιν.
1701 1345 1854 1413 ἕτεραι
1886 1345 1941 1396 δὲ

187 1451 228 1483 15
255 1425 336 1478 διὰ
383 1424 435 1479 τὸ
482 1423 685 1492 πρώτως
730 1429 903 1478 τίκτειν
941 1427 1024 1478 καὶ
1063 1423 1284 1494 ἀγωνιᾶν
1321 1427 1404 1478 καὶ
1440 1424 1652 1494 ἀπείρως
1691 1427 1817 1493 ἔχειν
1854 1431 1942 1478 τοῦ

254 1511 555 1577 σχηματίζειν
593 1506 645 1559 τὸ
688 1512 837 1574 σῶμα.
913 1512 1064 1559 ταῦτα
1102 1503 1262 1559 πάντα
1310 1510 1439 1559 αἴτια
1489 1509 1782 1573 ὃυστοκίας.]
1861 1509 1945 1559 καὶ

255 1588 386 1659 παρὰ
432 1587 484 1641 τὸ
531 1589 782 1650 πιέζεσθαι
834 1587 932 1642 ὑπὸ
979 1592 1199 1655 κοπρίων
1247 1586 1278 1655 ἢ
1326 1586 1424 1640 ὑπὸ
1474 1587 1637 1655 οὔρων
1681 1589 1764 1640 καὶ
1810 1587 1944 1656 παρὰ

255 1669 306 1723 τὸ
346 1672 492 1722 λίθον
542 1670 668 1737 ἔχειν
707 1671 761 1721 ἐν
798 1676 855 1741 τῇ
895 1668 1057 1722 κύστει
1094 1668 1183 1737 τὴν
1223 1673 1500 1736 τίκτουσαν,
1549 1675 1607 1740 τῇ
1646 1673 1819 1735 θλίψει
1856 1674 1943 1722 τοῦ

255 1750 496 1820 τραχήλου
553 1756 637 1818 τῆς
682 1749 883 1821 ὑστέρας
931 1752 1185 1820 δυσέργεια
1223 1755 1447 1819 γίγνεται.
1527 1749 1581 1818 [ἢ
1629 1749 1700 1804 ὅτι
1748 1749 1774 1803 ὁ
1814 1771 1944 1817 περι-

193 1855 236 1887 20
259 1835 386 1902 έχων
432 1830 566 1901 ὑμὴν
606 1835 938 1901 δυσδιαίρετος
974 1829 1006 1900 ἢ
1047 1831 1113 1899 μὴ
1153 1833 1277 1899 ἔχων
1315 1829 1469 1901 ὑγρὸν
1508 1834 1575 1893 εἰς
1615 1830 1819 1884 ὄλισθον
1858 1829 1947 1883 αὖ-

257 1914 445 1984 τοῖρκη.]
523 1911 555 1981 ἢ
594 1920 690 1966 τῶν
727 1920 813 1981 τῆς
850 1913 979 1982 ἥβης
1017 1911 1172 1965 ὀστῶν
1204 1911 1430 1980 ἀλλήλοις
1462 1911 1850 1979 σνμπεφυκότων
1883 1909 1948 1974 ὥς

261 1994 325 2063 μὴ
373 1993 556 2062 ἰσχύειν
602 1996 655 2046 ἐν
701 2001 767 2065 τῷ
811 1993 936 2066 τόκῳ
986 1993 1239 2047 διάστασιν
1288 1995 1530 2062 δέχεσθαι.
1608 1995 1690 2046 καὶ
1737 1992 1829 2062 γὰρ
1869 1995 1950 2045 ἐπὶ

262 2147 414 2178 σει...
453 2132 506 2177 Ε.
631 2137 652 2175 1
689 2129 749 2183 ὡς
783 2128 958 2177 ἐπίπαν
978 2159 1031 2165 —-
1057 2130 1308 2188 κέκτηνται
1339 2147 1445 2177 eum
1477 2146 1603 2189 seqq.
1636 2146 1780 2188 usque
1813 2132 1873 2176 ad
1906 2147 1950 2176 v.

263 2197 316 2235 12
353 2188 559 2251 ἐμβρύου
591 2192 701 2248 post
721 2189 1087 2266 μικροτροὶχηλος
1119 2193 1179 2248 (p.
1197 2195 1383 2248 353‚19)
1415 2206 1555 2248 supra
1585 2192 1728 2236 habet
1761 2205 1798 2236 c.
1923 2196 1947 2234 7

265 2251 420 2296 afilat.
517 2255 570 2294 12
602 2251 685 2294 τοῦ
713 2246 918 2310 εμβρύου
945 2265 981 2297 c.
1074 2247 1102 2306 ἢ
1137 2249 1190 2296 δὲ
1225 2249 1292 2295 ἔτι
1324 2250 1406 2295 καὶ
1436 2249 1489 2295 τὸ
1526 2264 1549 2294 c
1582 2251 1752 2307 (αἴτιον
1783 2248 1837 2294 δὲ
1871 2249 1952 2293 καὶ

267 2307 317 2354 τὸ
350 2310 421 2366 Ε).
485 2309 601 2354 haec
641 2308 796 2355 aliena
825 2309 1041 2354 videntur
1071 2324 1157 2354 nec
1187 2310 1278 2354 huc
1310 2309 1537 2355 facientia
1569 2323 1687 2366 quae
1718 2309 1851 2353 uncis
1881 2309 1950 2352 in-

267 2368 394 2414 clusi.
519 2374 573 2412 13
607 2364 686 2413 ὃιά
719 2366 771 2412 τὸ
806 2367 1058 2429 βεβηκέναι
1090 2383 1114 2412 ο
1147 2370 1278 2425 (corr.
1305 2369 1345 2412 D
1379 2383 1434 2413 ex
1463 2368 1633 2422 Aetio).
1759 2372 1814 2411 14
1845 2369 1953 2411 δυσ-

266 2428 485 2471 τοκοῦσιν
517 2429 642 2472 Aen:
678 2442 765 2472 om.
799 2442 835 2472 c.
1006 2432 1060 2471 15
1092 2425 1283 2483 πρώτως
1312 2426 1415 2473 Aet.
1451 2427 1567 2485 (cod.
1604 2426 1794 2483 Weig.):
1826 2423 1948 2483 πρώ-

267 2502 403 2542 τερον
437 2487 539 2542 (sio)
573 2500 597 2530 c
631 2489 678 2531 et
707 2487 812 2532 Aet.
846 2487 958 2544 (aL).
1081 2488 1164 2531 τοῦ
1198 2487 1260 2530 E:
1303 2501 1392 2531 om.
1427 2501 1451 2531 ο
1484 2489 1532 2531 et
1561 2487 1663 2530 Aet.
1789 2489 1843 2529 18
1874 2485 1956 2529 καὶ

269 2546 394 2601 (ante
426 2546 479 2603 τῇ
506 2547 601 2602 θλ.)
635 2561 659 2590 ο
691 2548 738 2590 et
767 2546 869 2590 Aet.
906 2546 1014 2602 (del.
1047 2546 1117 2602 E).
1205 2551 1258 2590 19
1299 2548 1406 2602 post
1437 2547 1617 2602 γίνεται
1648 2558 1741 2601 seq.
1772 2544 1822 2588 in
1853 2558 1878 2588 ο
1908 2559 1953 2601 p.

271 2607 370 2660 105,
397 2609 586 2647 12—14
618 2605 673 2650 D.
705 2600 734 2661 ἢ
767 2601 896 2662 παρὰ
929 2601 987 2648 τὰ
1021 2601 1073 2648 ἐν
1104 2605 1166 2664 τῷ
1202 2600 1378 2661 σώματι
1409 2599 1438 2660 ἢ
1474 2602 1606 2654 ἐντὸς
1625 2629 1679 2636 -
1702 2603 1954 2647 τίκτουσαν

270 2676 389 2718 quae
421 2661 543 2707 infra
576 2664 636 2719 (p.
664 2667 764 2719 355,
793 2665 927 2720 5—6)
975 2665 1084 2719 post
1129 2661 1439 2718 παραπιέζειν
1487 2659 1571 2719 τὴν
1620 2660 1800 2720 μήτραν
1830 2661 1981 2705 1111311»

269 2721 328 2766 lit
365 2720 416 2767 E.
481 2723 690 2766 attamen
727 2723 879 2767 totum
917 2722 1008 2766 hoc
1047 2722 1304 2779 capitulum
1345 2722 1470 2778 quod
1517 2721 1690 2778 partim
1729 2720 1984 2777 excerpsit,

270 2781 447 2835 Aetius,
479 2780 686 2825 lacerum
718 2783 789 2826 est
821 2782 868 2825 et
898 2780 1146 2825 disiecbum
1177 2780 1511 2837 incertumque.
1560 2780 1702 2825 dubia.
1733 2779 1877 2825 etiam
1910 2779 1984 2826 eh·

271 2839 614 2942 inq'ffliadguass
647 2840 806 2884 statim
838 2841 1092 2896 sequuntur
1125 2841 1183 2896 (v.
1207 2842 1411 2896 19—21).
1471 2839 1527 2885 cf.
1561 2853 1699 2896 supra
1728 2855 1770 2884 v.
1800 2843 1979 2898 7-12„·

332 2915 404 2943 0¹81«
436 2913 462 2943 a
531 2934 539 2942 .
615 2933 625 2944 .
