2014 3162
877 159 1240 211 ..62—

71 335 204 418 ἑῗέὲῖἶ)
676 350 724 403 V
781 351 857 404 De
896 350 1146 404 tensione
1186 348 1450 411 matricis,

331 451 468 526 (30.)
508 458 564 507 In
604 459 827 507 tensione
867 458 1087 513 matricis
1127 469 1391 505 occurrere
1433 455 1557 504 solet
1590 454 1776 504 inflatio
1810 453 1903 504 sub

218 531 504 582 umbilicum
536 534 587 580 in
613 531 916 596 aliquantum
941 530 1077 595 dura,
1111 529 1250 578 dolor
1276 531 1420 578 etiarn
1438 530 1623 578 ventris
1651 534 1699 577 et
1722 543 1899 578 renum

218 620 331 654 cum
372 620 618 654 consensu
659 605 847 654 scilicet
886 605 1061 669 capitis
1094 610 1144 651 et
1184 602 1436 652 stomachi.
1490 604 1632 651 urina
1659 603 1805 650 etiam
1828 604 1900 651 in·

172 689 192 722 5
216 678 415 743 peditur
456 688 505 728 et
543 679 733 742 vigiliae
775 678 1109 728 subsecuntur
1148 679 1542 741 punctionesque
1575 674 1645 724 ibi
1676 683 1900 725 currunt.

217 752 528 816 frequentius
583 761 744 801 autem
799 754 1069 801 inminente
1125 753 1417 814 purgatione
1465 750 1586 798 haec
1635 763 1901 799 occurrere

217 824 390 890 solent,
460 826 653 890 quando
693 833 742 875 et
774 826 925 891 digito
952 824 1191 875 obstetrix
1223 825 1427 874 inmisso
1460 822 1703 872 orificium
1727 829 1901 887 patens
1956 846 1969 861 ·

214 901 415 948 invenit.

328 987 495 1021 curam
553 980 716 1022 autem
767 973 972 1022 eandem
1021 973 1309 1023 adhibemus
1359 986 1517 1036 quam.
1552 971 1610 1020 ad
1650 970 1899 1020 fervuram

149 1057 191 1090 10
215 1048 431 1098 matricis
470 1049 742 1111 posuimus,

96 1220 189 1275 (56)
642 1204 717 1258 VI
771 1204 847 1259 De
886 1204 1171 1260 inflatione
1210 1204 1473 1260 matricis·

325 1306 459 1379 (31.)
514 1310 583 1360 De
639 1311 821 1376 frigore
869 1311 946 1360 vel
993 1311 1174 1361 aborsu
1221 1311 1296 1361 vel
1342 1311 1402 1360 de
1449 1309 1693 1360 laborioso
1735 1317 1897 1376 parm,
1979 1338 1983 1339 ν

212 1385 287 1434 vel
337 1385 566 1434 thrombo
615 1387 866 1449 sanguinis
914 1387 955 1434 si
1002 1386 1052 1434 in
1105 1385 1291 1435 orificio
1332 1386 1646 1449 remanserit,
1700 1384 1899 1442 inflatur

210 1461 387 1508 matrix
427 1461 492 1507 ita
532 1466 586 1508 ut
619 1466 670 1507 et
699 1465 872 1508 venter
904 1458 1116 1508 infletur.
1158 1474 1283 1524 quae
1315 1459 1500 1508 inflatio
1533 1458 1697 1523 digitis
1722 1473 1898 1522 pressa

145 1544 187 1577 15
212 1532 354 1581 cedat
401 1540 450 1582 et
495 1534 659 1581 statim
707 1548 760 1581 se
810 1534 991 1582 iterum
1040 1532 1255 1598 colligat,
1310 1535 1378 1582 ita
1422 1538 1479 1582 ut
1517 1533 1571 1581 si⁴
1599 1533 1709 1596 quis
1749 1546 1895 1581 manu

210 1614 376 1671 partes
414 1608 546 1670 ipsas
585 1608 910 1671 percusserit,
960 1608 1088 1655 sicut
1126 1612 1410 1671 tympanum
1459 1613 1614 1655 sonet.
1693 1620 1806 1654 nam
1845 1613 1896 1655 et

211 1679 469 1744 aliquando
527 1694 638 1728 cum
686 1679 1038 1744 punctionibus
1087 1685 1137 1727 et
1182 1681 1397 1729 tortione
1438 1687 1612 1728 ventus
1651 1680 1758 1742 ipse
1797 1678 1895 1728 huc

211 1760 356 1818 atque
412 1753 528 1802 illuc
585 1753 833 1802 discurrit.
919 1752 1163 1817 aliquibus
1209 1753 1393 1803 inflatio
1440 1755 1546 1818 ipsa
1596 1760 1895 1820 perseverat,

211 1826 471 1892 aliquando
511 1826 763 1876 interdum
804 1841 856 1875 se
897 1826 1113 1876 ostendit
1153 1834 1202 1876 et
1241 1827 1424 1876 retollit
1465 1841 1516 1876 se
1557 1826 1757 1876 inflatio.
1888 1892 1889 1895 Ἴ

143 1915 185 1947 20
324 1895 459 1968 (32.)
502 1915 670 1949 curam
710 1906 873 1949 autem
912 1900 1042 1949 illam
1076 1900 1364 1950 adhibemus
1399 1915 1545 1965 quam
1577 1902 1627 1949 in
1661 1901 1914 1968 strictura

328 2077 351 2116 2
385 2073 438 2115 In
461 2073 495 2115 t.
521 2087 604 2116 m.:
638 2071 865 2116 Tensione
896 2072 1103 2117 matricis
1134 2074 1176 2128 h,
1208 2071 1417 2117 Mati-icis
1450 2072 1602 2117 tensio
1636 2073 1700 2117 bl.
1822 2071 1888 2116 in-

205 2131 334 2175 flatio
368 2132 439 2175 lh:
474 2133 544 2175 —tsi
578 2132 616 2175 b.
739 2132 823 2175 sub
858 2132 927 2175 lh:
961 2145 1042 2175 om.
1077 2133 1115 2177 b.
1246 2137 1271 2176 3
1303 2132 1351 2175 in
1384 2133 1458 2175 lh:
1493 2145 1576 2175 om.
1611 2132 1650 2176 b.
1774 2131 1889 2177 dura

207 2191 279 2234 lh:
313 2204 395 2234 om.
430 2191 466 2234 b.
598 2194 625 2232 4
659 2204 762 2234 cum
794 2203 930 2234 sensu
962 2191 1002 2234 b.
1132 2196 1158 2234 5
1189 2190 1378 2248 vigilias
1411 2192 1436 2235 b
1471 2190 1574 2247 (-lia
1606 2192 1651 2248 l).
1786 2205 1886 2235 cur-

206 2251 316 2294 runt
347 2250 432 2293 bh:
475 2250 723 2293 occurrunt
755 2250 783 2292 l.
935 2254 960 2292 6
992 2248 1218 2294 inminem
1250 2251 1346 2306 (sic)
1381 2251 1418 2294 b.
1572 2254 1597 2294 7
1630 2249 1679 2293 in
1711 2248 1891 2294 orificio,

205 2309 444 2365 patentem
478 2321 583 2351 eum
614 2307 706 2354 inv.
740 2309 779 2364 b,
811 2307 859 2351 in
894 2321 956 2352 or.
991 2310 1038 2352 et
1067 2309 1323 2364 patientem
1349 2322 1452 2352 eum
1476 2307 1569 2353 inv.
1597 2309 1613 2353 l
1644 2307 1887 2362 (orificium

205 2371 369 2424 patens
399 2367 578 2411 invenit
609 2367 650 2422 h,
683 2368 763 2423 qui
793 2381 876 2412 om.
907 2367 1132 2423 inmisso).
1256 2373 1281 2412 9
1315 2367 1588 2412 adhibemus
1621 2369 1695 2412 lh:
1728 2381 1810 2412 om.
1845 2369 1884 2414 b.

265 2440 402 2482 quem
433 2427 480 2470 h:
517 2430 560 2480 fl?
588 2429 712 2482 (que)
738 2427 777 2480 b,
811 2426 890 2482 qui
922 2426 950 2471 l.
1060 2431 1112 2470 12
1146 2427 1214 2471 De
1245 2426 1449 2484 frigdore
1482 2431 1559 2472 etc.
1592 2428 1642 2471 h:
1673 2426 1886 2472 Matricis

205 2484 383 2529 inflatio
417 2485 618 2530 occurrit
650 2485 706 2528 de
739 2484 874 2541 fric(g
899 2485 1044 2539 Z)dore
1077 2489 1154 2529 etc.
1189 2486 1252 2530 bl.
1389 2486 1554 2529 aborso
1587 2487 1657 2542 bl,
1690 2501 1811 2530 —sum
1841 2487 1882 2532 h.

208 2549 261 2588 13
294 2545 477 2588 trombo
511 2545 557 2588 b:
590 2544 791 2588 thronbo
823 2545 863 2588 h.
1048 2544 1086 2587 si
1117 2545 1165 2588 in
1200 2557 1240 2588 o.
1273 2545 1551 2588 remanserit
1583 2546 1630 2589 bx
1661 2546 1711 2588 in
1743 2558 1783 2589 ο.
1815 2559 1886 2590 re-

205 2604 420 2647 manente
452 2604 479 2647 h
511 2603 606 2660 (vel
639 2603 677 2647 si
708 2602 919 2647 trombus
952 2617 986 2648 s.
1018 2602 1067 2646 in
1099 2617 1139 2647 o.
1171 2603 1447 2647 remanserit
1478 2605 1523 2659 l).
1634 2609 1689 2647 14
1721 2618 1809 2660 que
1833 2605 1884 2648 h:

1219 2672 1266 2695 ΥΘ

205 2720 297 2763 qua
329 2706 392 2750 bl.
525 2711 579 2750 15
612 2719 660 2750 se
692 2706 860 2750 iterum
892 2706 942 2750 h:
976 2719 1023 2749 se
1057 2707 1103 2762 b,
1136 2721 1184 2750 m
1217 2709 1271 2750 se
1305 2707 1332 2750 l.
1465 2710 1519 2749 16
1550 2706 1786 2762 timpanus
1819 2708 1884 2751 bl.
1971 2769 1974 2774 .

298 2770 350 2809 18
383 2764 602 2808 discurrit
636 2765 704 2823 [et
735 2765 868 2820 quasi
898 2765 1022 2809 foras
1054 2765 1178 2809 exire
1211 2765 1362 2821 querit
1401 2766 1506 2810 add.
1538 2766 1660 2809 solus
1696 2765 1762 2823 h.]

207 2828 261 2868 19
295 2826 343 2867 et
372 2823 560 2868 retollet
592 2838 638 2868 se
671 2825 763 2868 infi.
799 2825 838 2878 b,
872 2826 920 2868 et
950 2824 1139 2868 retollet
1169 2824 1273 2880 ipsa
1303 2824 1395 2868 infl.
1431 2825 1447 2868 l
1478 2825 1614 2879 (haec.
1647 2837 1730 2868 om.
1762 2826 1821 2880 h).

206 2888 262 2927 20
285 2883 415 2927 illam
440 2884 488 2927 h:
522 2883 707 2927 illarum
732 2884 849 2928 haec
872 2885 908 2939 (.
929 2919 937 2928 .
960 2898 1117 2939 ,quam
1134 2884 1248 2940 =h)
1263 2884 1302 2939 b,
1329 2897 1483 2927 earum
1509 2883 1596 2943 hec
1620 2884 1655 2939 (.
1677 2919 1686 2928 .
1706 2886 1835 2943 ηας)
1853 2885 1880 2928 l.
