2014 3162
875 117 1279 169 -144—

1107 282 1134 320 4

803 277 1118 407 (Oribas.I’la2t.
1159 350 1248 405 VI,
1279 352 1371 407 49).

361 473 370 482 .
397 473 407 482 .
435 472 444 481 .
469 452 591 482 nunc
624 438 842 494 quoniam
874 437 1148 494 plerumque
1178 437 1354 483 ventris
1371 438 1593 495 tegmina,
1627 438 1751 495 quod
1765 436 1931 482 Graeci

240 496 525 555 epigastrion
555 499 747 552 vocant,
786 496 909 541 uteri
939 496 1221 541 distentione
1252 499 1543 553 rumpuntur,
1591 511 1684 541 non
1715 497 1786 541 est
1817 496 1929 541 alie·

239 571 351 600 num
380 556 627 601 transactis
659 555 822 612 primis
854 555 1017 599 diebus
1050 554 1278 600 cerotaria
1307 555 1456 600 ventri
1481 555 1711 612 adponere
1745 568 1801 599 ex
1825 555 1929 599 oleo

241 628 374 660 roseo
416 615 646 670 confecta,
687 613 895 658 admixta
933 627 1119 658 cerussa
1162 615 1210 658 et
1239 628 1403 670 spuma
1432 615 1615 671 argenti
1647 616 1695 659 et
1725 614 1929 659 alumine

197 680 218 712 5
243 674 455 730 rotundo,
479 676 592 735 tunc
616 673 914 717 mediocriter
929 672 1148 730 inpressis
1162 673 1464 718 fasciolarum
1491 673 1688 729 cingulis
1705 673 1933 730 adligare.

796 878 992 935 (Oribas.
1015 806 1112 924 Ιίαῖ
1119 810 1236 934 5VI,
1268 881 1360 935 50).

362 966 410 1010 Si
454 954 689 1011 mammae’
716 969 821 1023 post
850 968 1037 1024 partum
1068 967 1253 1024 ingesto
1283 968 1408 1012 lacte
1439 968 1777 1026 inturgescant,
1807 968 1932 1024 quod

242 1026 408 1071 Graeci
438 1024 671 1083 spargisin
700 1027 898 1071 vocant?

358 1097 480 1130 novo
519 1084 723 1142 pondere
761 1084 898 1129 lactis
938 1087 1160 1142 gravatae
1199 1098 1429 1130 mammae
1461 1085 1612 1142 primo
1644 1085 1929 1143 turgescunt,

244 1143 410 1189 deinde
443 1144 602 1189 dolore
635 1144 886 1189 accedente
918 1148 1060 1199 atque
1091 1143 1272 1189 fervore
1303 1145 1572 1190 tenduntur.

1111 1281 1137 1319 3

798 1347 998 1404 (Oribas.
1013 1277 1109 1393 Ιίαἷ
1150 1349 1240 1405 VI,
1273 1350 1365 1406 54).

178 1445 220 1476 10
361 1437 434 1482 Ad
472 1440 701 1482 tumorem
733 1436 939 1483 faucium
969 1437 1228 1482 infantibus
1258 1437 1434 1482 utimur
1464 1437 1617 1482 mulsa
1646 1437 1929 1483 instillantes

243 1498 292 1542 in
324 1511 401 1542 ore
435 1499 483 1541 et
513 1497 725 1554 ptisanae
758 1510 881 1553 suco,
913 1511 942 1541 a
972 1496 1086 1542 foris
1120 1512 1224 1542 cum
1254 1497 1374 1541 lanis
1406 1496 1704 1552 involvimus.

1013 1628 1034 1672 I
1081 1633 1137 1673 45

704 1702 902 1760 (Oribas.
935 1704 1014 1749 lat.
1038 1665 1141 1759 ’VL
1171 1707 1279 1750 237.
1312 1704 1368 1759 cf.
1403 1705 1493 1760 56).

365 1790 561 1835 Siriasin
599 1791 679 1847 qui
709 1791 888 1848 patitur
934 1793 1086 1836 tumet
1131 1790 1406 1851 (anterior)
1443 1806 1550 1849 pars
1583 1792 1762 1838 cerebri
1793 1806 1935 1849 quam

246 1850 412 1895 Graeci
454 1851 648 1908 bregma
678 1852 862 1896 vocant.
923 1851 977 1895 fit
1008 1850 1185 1895 cavitas
1218 1851 1458 1896 oculorum
1490 1866 1596 1895 cum
1624 1851 1804 1909 pallore
1837 1866 1933 1897 cor·

245 1909 371 1966 poris
405 1910 453 1954 et
485 1909 712 1966 siccitate,
747 1910 1010 1954 adtestante
1043 1909 1244 1955 fastidio.

1015 2043 1036 2085 Ι

803 2115 999 2171 (Oribas.
1033 2047 1139 2161 ia?
1154 2116 1241 2171 VI,
1274 2119 1363 2174 54).

181 2228 223 2261 15
367 2202 460 2262 [Ad
497 2203 736 2260 fragosum
773 2203 979 2304 rlugitum
1010 2202 1235 2270 faucium,
1275 2205 1399 2273 quod
1430 2204 1594 2273 Graeci
1625 2218 1827 2272 rogmon'
1853 2218 1936 2261 ap·

247 2263 715 2377 flssflffiffiffiaffffl
731 2264 1937 2380 {fffassssxff{2⁰1¹}31355ffi2ss22Jfflffsssiffffigffi

369 2429 391 2467 1
419 2429 524 2480 post
554 2424 818 2469 ministrare
853 2426 968 2481 (sup.
992 2425 1156 2482 fragm.
1180 2425 1330 2481 finito)
1363 2426 1579 2470 continuo
1609 2427 1674 2471 sic
1699 2427 1934 2483 peryitur:

248 2481 514 2537 Numquam
546 2482 817 2539 plerumque
848 2482 1023 2528 ventris
1054 2485 1276 2541 tygmena
1308 2484 1433 2539 quod
1465 2485 1542 2529 Gr.
1577 2489 1655 2532 etc.
1777 2491 1803 2529 2
1828 2490 1936 2541 post

249 2543 420 2586 vocant
463 2542 706 2586 recentiore
735 2543 952 2586 vocabulo
984 2547 1025 2586 et
1054 2556 1149 2587 non
1182 2543 1397 2588 Caeliano
1438 2543 1571 2588 addit
1601 2545 1693 2589 cod.
1727 2543 1802 2588 La
1834 2545 1881 2600 (i.
1900 2558 1933 2589 e.

249 2601 509 2645 recentioris
538 2601 757 2644 versionis
788 2602 977 2645 alterius
1008 2603 1182 2658 auctor)
1222 2615 1307 2646 nos
1347 2602 1692 2647 subventralem
1724 2601 1933 2647 dicimus.

308 2658 429 2704 utire
461 2659 766 2703 distinccione
797 2673 832 2703 c.
928 2664 951 2703 7
984 2662 1175 2715 vocant,
1201 2673 1344 2705 novo,
1365 2696 1402 2706 ..
1443 2674 1478 2705 c.
1583 2666 1636 2704 11
1670 2675 1805 2706 sucus
1837 2675 1873 2706 c.

251 2732 357 2762 cum
387 2718 516 2762 lanas
548 2732 582 2762 c.
708 2723 761 2762 12
795 2718 999 2762 anterior
1029 2733 1084 2763 ex
1116 2720 1257 2763 altero
1289 2720 1383 2763 loco
1415 2720 1581 2764 addidi
1605 2734 1654 2776 p.
1680 2724 1754 2764 56.
1878 2724 1932 2764 15
1950 2754 1966 2758 s

251 2777 319 2820 De
349 2777 538 2834 fragoso
569 2776 777 2834 rugitum
809 2791 843 2822 c.
970 2782 1021 2821 16
1055 2779 1102 2822 et
1133 2793 1167 2821 r.
1196 2778 1359 2822 dantes
1393 2791 1427 2823 c.
1554 2783 1606 2822 17
1641 2792 1696 2823 ex
1727 2778 1959 2823 humoris.

249 2837 437 2881 tenaces
470 2835 773 2881 consistentes
806 2849 839 2881 c.
