2014 3162
909 164 1312 216 -372—

269 298 353 349 καὶ
391 301 490 348 τῶν
529 293 831 363 ἀντεχόντων
869 293 1024 362 αὐτην
1062 293 1258 362 ὑμένων
1296 297 1379 347 καὶ
1417 302 1557 363 μυῶν
1597 293 1776 363 ὁμοίως
1805 316 1962 362 παρα-

270 377 405 430 λύσει
458 375 806 444 ἆτονησοῖντων
857 377 1063 476 συνέστη
1110 374 1163 428 τὸ
1218 374 1407 440 παθος,
1465 373 1572 429 οἷον
1625 380 1835 446 γίγνεται
1883 378 1983 429 ἐπὶ

270 463 368 510 τῶν
406 463 810 526 παρηκμακυιῶν.
889 455 991 509 κατ’
1037 454 1190 559 ἀρχὰς
1230 457 1318 524 μὲν
1357 452 1448 510 οὗν
1486 461 1700 526 γίγνεται
1737 461 1961 521 πλείονος

271 542 471 607 αἵματος
518 538 675 606 φορά,
731 540 893 591 ἔπειτα
940 538 993 590 δὲ
1038 539 1122 589 καὶ
1168 535 1324 604 ὀδύνη
1379 536 1605 606 λαγόνων
1653 540 1735 590 καὶ
1773 537 1964 605 ὀσφύος

229 640 249 673 5
274 622 356 673 καὶ
396 622 705 688 ἐπιγαστρίου
745 621 828 671 καὶ
867 621 1080 684 αἰδοίου,
1118 619 1199 670 καὶ
1240 617 1400 687 φόβος
1438 619 1536 671 ἐστὶ
1565 620 1813 687 ψυγέντας
1849 617 1965 682 τοὺς

270 699 453 762 τόπους
507 698 732 767 σπασμὸν
779 701 1064 768 ἐπενεγκεῖν.
1151 705 1419 767 χρονισμοῦ
1467 700 1521 751 δὲ
1567 700 1834 768 γενομένου
1881 700 1966 752 καὶ

269 786 366 833 τῶν
407 779 648 848 σωμάτων
687 781 1008 833 τυλωθέντων
1046 778 1073 832 ‘6
1105 801 1153 832 τε
1184 779 1345 848 φόβος
1375 782 1455 832 καὶ
1490 778 1516 833 ὃ
1547 779 1702 842 πόνος
1733 779 1963 832 ἐκλύεται.

383 867 467 915 85.
507 864 629 915 ἔνιοι
655 861 743 929 μὲν
771 856 862 915 οὖν
878 860 1000 928 ὅλην
1016 861 1209 929 λέγουσι
1224 864 1528 927 προπίπτειν,
1552 866 1649 913 τῶν
1665 859 1964 929 ἀντεχόντων
2013 901 2014 904 ¹

270 939 427 1009 αὐτὴν
471 940 669 1010 ὑμένων
720 944 803 994 καὶ
841 947 983 1010 μυῶν
1021 942 1266 1011 ῥαγέντων
1304 943 1356 993 ἐκ
1397 947 1587 1011 πληγῆς
1624 941 1660 1010 ἥ
1696 963 1828 1005 τινος
1865 947 1964 994 τῶν
2013 935 2014 939 ¹

206 1044 248 1075 10
273 1024 499 1090 έμφερῶν
546 1021 577 1091 ἢ
625 1024 971 1091 χαλασθέντων
1030 1024 1113 1074 καὶ
1176 1017 1364 1090 ὅμοιόν
1405 1044 1450 1074 τι
1501 1021 1771 1090 παραλύσει
1824 1024 1971 1091 ἕργα-,

272 1104 507 1157 σθέντων.
586 1107 644 1156 οἷ
696 1105 758 1156 δὲ
806 1105 916 1172 περὶ
961 1102 1047 1156 τὸν
1085 1101 1485 1170 Ἱπποκράτην
1522 1105 1605 1155 καὶ
1635 1101 1966 1171 οΗρόφιλον

273 1183 429 1252 μόνον
475 1183 527 1237 τὸ
583 1183 796 1252 στόμιον.
872 1187 1152 1253 γνωρίζεται
1191 1183 1244 1235 δὲ
1284 1185 1336 1235 ἐκ
1375 1189 1461 1236 τοῦ
1499 1189 1744 1252 τρυφεροῦ
1782 1191 1960 1252 προπῐ-

271 1285 395 1317 πτον
433 1263 484 1318 τὸ
519 1263 759 1333 σύγκριμα
791 1264 966 1331 ὅμοιον
995 1269 1184 1333 κεφαλῇ
1214 1262 1518 1329 πολύποδος,
1559 1261 1971 1333 ὦς“Ηρόφιλος.

272 1347 457 1415 ἔλεγεν,
511 1345 672 1400 πόνον
726 1348 838 1413 ἕχον
896 1342 962 1407 ὡς
1006 1345 1380 1412 παραδέξασθαι
1428 1343 1718 1413 διπύρηνον.
1803 1349 1862 1399 οἰ
1904 1345 1960 1398 δ

207 1447 248 1480 15
274 1425 391 1494 μηδ’
451 1426 581 1480 ὅλον.
670 1425 760 1479 οὐκ
815 1423 878 1478 ἂν
932 1423 1025 1494 γάρ
1081 1443 1234 1492 φασιν
1288 1424 1592 1479 ἄποκαθίσαι
1640 1425 1693 1479 τὸ
1745 1425 1810 1495 μὴ
1866 1425 1976 1480 ἆπ.

272 1508 468 1576 μέρους,
509 1515 813 1578 φλεγμαῖνον
853 1507 907 1559 δὲ
944 1505 996 1560 τὸ
1039 1506 1237 1575 στόμιον
1276 1510 1552 1573 φαντασίαν
1588 1507 1817 1575 παρέχειν
1847 1527 1970 1575 προ

271 1587 510 1651 πτώσεως.
588 1592 646 1642 οἵ
690 1589 752 1640 δὲ
796 1586 902 1640 κατ’
954 1587 1211 1657 ε’κπροπὴν
1261 1592 1519 1658 γίγνεσθαι
1555 1586 1650 1656 τὴν
1684 1586 1965 1655 πρόπτωσι

272 1668 423 1736 αὐτῆς
469 1667 909 1738 ὑπολαμβάνουσιν
955 1668 1022 1732 ὡς
1069 1676 1139 1737 πῆ
1188 1670 1276 1738 μὲν
1322 1667 1408 1722 τὸν
1454 1671 1643 1732 ἔξωθεν
1680 1674 1749 1736 πῆ
1789 1669 1844 1722 δὲ
1881 1667 1933 1722 τὸ
1966 1687 1976 1691 “

271 1751 419 1802 ἔνδον
465 1748 617 1818 αὐτῆς
664 1756 844 1819 χιτῶνα
881 1755 1184 1819 προπίπτειν.
1264 1754 1443 1818 διπλῆν
1480 1748 1572 1820 γὰρ
1613 1748 1770 1817 αὐτὴν
1807 1748 1940 1819 ὖπᾶρ
1962 1775 1981 1803 ·.··

205 1851 248 1883 20
273 1851 375 1898 χειν
422 1832 505 1883 καὶ
549 1829 635 1883 τὸν
682 1831 771 1899 μὲν
809 1833 996 1894 ἔξωθεν
1037 1830 1187 1899 αὐτῆς
1231 1835 1412 1899 χιτῶνα
1460 1837 1561 1893 τοῖς
1597 1827 1958 1898 ὗπερκειμένοι

275 1912 674 1978 συμπεφυκέναι,
728 1910 813 1965 τὸν
854 1908 905 1963 δ’
949 1914 1140 1965 ἔσωθεν
1176 1910 1330 1981 τούτῳ
1371 1916 1733 2012 συνηρτῆσθαι,
1787 1912 1870 1963 καὶ
1907 1915 1973 1971 τι]

273 1990 470 2059 χαλασει
507 1998 605 2044 τῶν
643 1990 842 2059 υμένων
866 1996 1182 2093 πρρπίπτειν.
1245 1995 1303 2045 οἱ
1339 1992 1392 2044 δ
1377 2013 1399 2044 ε
1437 1993 1518 2044 καὶ
1556 1990 1648 2059 τὴν
1685 1990 1807 2060 όλην
1843 2013 1949 2044 κατ

274 2076 415 2142 ῥῆξιν
459 2096 490 2140 η
543 2071 820 2141 παραλυσιν
859 2070 890 2140 ἢ
931 2072 1028 2126 ἀπὸ
1070 2074 1247 2142 μέρους
1285 2074 1369 2125 καὶ
1408 2075 1476 2135 εἰς
1513 2094 1571 2125 τα
1610 2073 1787 2141 ἑαυτῆς
1824 2079 1972 2126 κοῖλ

394 2309 419 2348 2
453 2302 648 2361 συνέστη
680 2305 750 2349 A:
797 2303 983 2350 σύνεστι
1015 2319 1052 2349 c
1235 2310 1261 2350 5
1295 2303 1548 2363 φνγένΙτας
1578 2302 1661 2349 τὸν
1694 2301 1907 2362 σπασμὸν
1948 2303 1957 2333 .·

278 2364 412 2420 (corr.
435 2364 520 2430 A).
674 2368 699 2407 7
747 2364 824 2408 hic
855 2364 1014 2408 finitur
1043 2363 1248 2435 primum
1279 2364 1405 2408 Aetii
1437 2378 1492 2408 ex
1524 2365 1698 2411 Sorano
1730 2364 1950 2434 ἒτειςηιθι

274 2424 377 2466 tum
409 2422 496 2466 sio:
529 2438 554 2466 ο
573 2438 622 2466 τε
657 2419 806 2482 φόβος
837 2423 930 2466 τῶν
963 2424 1189 2494 σπασμῶν
1221 2418 1444 2493 αφανίζει
1475 2422 1556 2467 καὶ
1586 2423 1669 2466 τοῦ
1702 2421 1853 2466 πόνου
1887 2423 1919 2492 (
1945 2440 1947 2444 ’

278 2480 376 2524 cod.
419 2476 446 2524 ὅ
478 2497 527 2524 τε
569 2477 719 2540 φόβος
759 2481 841 2525 καὶ
880 2478 904 2525 ὁ
948 2478 1111 2537 πόνος)
1135 2484 1150 2539 ΙΙ
1173 2478 1447 2554 καταστολή
1495 2481 1577 2525 καὶ
1608 2497 1696 2537 γαρ
1727 2475 1935 2535 ὐπακούζ

236 2539 239 2542 ’
279 2534 390 2640 mag
422 2535 603 2595 ἄρχας.
604 2594 625 2642 ἐ
657 2576 665 2585 .
706 2540 786 2584 ubi
819 2554 875 2584 ex
904 2555 945 2585 v.
982 2538 1241 2597 καταστολὴ
1276 2541 1474 2585 alterum
1505 2540 1560 2584 fr.
1592 2539 1761 2596 incipit
1790 2544 1960 2597 p.

278 2602 303 2642 2
344 2661 398 2700 12
437 2602 576 2713 yvo66).
601 2594 1084 2714 -ξᾳέῗίςῠςδὲπαὲρηῖοςῖ
1112 2558 1580 2713 ggldnEEoeZfiLIaIwffi.
1667 2615 1712 2642 τι
1741 2598 1941 2714 1322571512¹

277 2715 466 2759 πίπτειν
498 2729 535 2761 ο.
722 2720 776 2759 15
809 2715 951 2785 φησὶν
984 2730 1008 2760 c
1041 2717 1174 2790 (corr.
1207 2716 1268 2771 Ε,
1310 2730 1419 2760 mox
1450 2713 1872 2760 ἀποκαθίστασθαι
1918 2721 1943 2754 s·v

277 2788 327 2847 p.
360 2775 446 2843 75).
630 2778 683 2818 18
725 2770 786 2824 ὥς
818 2771 903 2830 τὴν
935 2791 1022 2832 μεν
1057 2773 1254 2844 ἔξωθεν,
1295 2772 1344 2818 οἷ
1371 2773 1424 2819 δε
1457 2771 1540 2819 τὸν
1575 2773 1714 2819 ἔνδον
1747 2788 1770 2818 c
1803 2767 1887 2831 (ὧν
1926 2803 1930 2811 ·

278 2848 365 2888 μεν
397 2828 621 2878 τὸν..οἷ
649 2830 702 2876 δε
735 2833 808 2889 D).
932 2838 985 2878 19
1018 2829 1322 2890 πρὸςπίπτειν
1352 2835 1422 2890 (ub
1453 2836 1609 2890 supra)
1643 2847 1679 2878 0.
1801 2838 1859 2878 24
1891 2829 1913 2879 ἒ
1931 2834 1934 2837 ’

278 2892 591 2948 διπλουμένης
623 2906 647 2935 c
687 2894 818 2949 (corr.
850 2892 920 2949 Ε).
