2014 3162
821 106 1217 157 —147—

931 234 975 277 II
1023 239 1077 278 11

709 307 907 364 ΚΟνίἕὺαε.
940 267 1019 352 icit.
1063 307 1146 362 VI,
1179 307 1294 364 353)

781 381 856 425 ‘ex
886 380 980 425 alio
1013 381 1237 425 auctore'

291 455 576 499 Profluvium
624 453 864 512 sanguinis
903 453 1149 498 mulierum
1191 452 1518 499 reumatismus
1552 456 1623 499 est
1653 455 1976 514 1113111018(43)

168 528 252 571 per
297 513 640 571 longitudinem
678 517 943 570 temporum
973 513 1145 558 multos
1176 512 1409 558 (16(130638
1440 513 1669 557 humores,
1732 512 1861 557 diffe-

169 573 348 618 rentiae
395 574 554 618 autem
599 574 848 617 humorum
897 574 1004 616 sunt
1049 572 1162 627 duo,
1278 571 1388 674 amg
1434 573 1516 615 aut
1560 571 1730 616 rubeus
1781 575 1862 617 aut

169 646 370 688 aquosus
417 635 466 677 et
507 632 640 678 albus
683 634 765 676 est.
844 631 1029 689 signum
1068 571 1243 676 3316111<
1244 586 1347 688 npro
1381 630 1479 675 uvii
1519 643 1572 675 60
1610 631 1736 686 quod
1773 631 1861 675 fre-

169 692 367 748 quenter
403 691 623 736 humecta
662 691 754 735 sint
790 690 898 735 1003
936 689 1257 735 differentibus
1296 690 1346 734 in
1388 689 1542 735 colore
1573 689 1859 746 humoribus,
1885 701 1905 733 5

170 750 297 794 color
327 763 436 795 vero
469 748 757 807 aegrotantis
790 751 860 794 est
890 748 1093 806 pallidus
1125 752 1173 794 et
1198 748 1430 793 marcidus
1455 748 1741 793 nutrimento
1767 762 1863 793 ces-

170 811 316 863 sante,
363 809 632 854 adtestante
671 808 886 863 fastidio,
931 809 979 852 et
1010 822 1123 852 cum
1154 808 1428 865 gradiuntur
1459 808 1671 864 anelant,
1712 808 1862 864 spisso

167 870 350 913 tumore
395 867 592 925 pedibus
641 842 916 911 subinflatis.
991 866 1072 910 sed
1120 866 1345 912 intentius
1387 866 1600 911 adhibita
1653 866 1861 934 conside-

166 926 347 971 ratione
379 941 409 971 3
439 941 488 971 86
518 925 701 970 differre
725 924 883 982 passio
916 926 1222 983 cognoscitur,
1254 924 1483 980 siquidem
1512 940 1636 970 3330
1662 925 1760 970 sine
1784 926 1863 972 do-

167 986 266 1031 lore
311 998 435 1029 nunc
476 985 620 1030 etiam
664 999 769 1029 cum
809 985 970 1028 dolore
1008 984 1175 1029 fluores
1214 984 1328 1028 ferri
1365 984 1611 1029 videantur
1650 986 1698 1028 61
1738 999 1862 1030 nunc
1885 995 1928 1027 10

169 1045 268 1089 sine
313 1044 598 1089 ulceratione
636 1058 759 1088 nunc
797 1044 941 1088 etiam
980 1043 1085 1101 ipsa
1123 1043 1373 1088 coniuncta
1410 1046 1492 1088 3111
1532 1057 1635 1087 03111
1678 1045 1862 1089 tumore

167 1106 249 1148 aut
280 1103 468 1148 sordida
496 1105 580 1148 aut
609 1102 820 1160 limpida.

287 1162 481 1216 Quando
513 1163 671 1206 autem
704 1161 802 1206 sine
833 1161 989 1228 ulcere
1014 1164 1096 1206 aut
1111 1162 1269 1206 dolore
1294 1160 1452 1216 fertur,
1486 1161 1700 1206 omnibus
1717 1162 1859 1206 uteris
1884 1163 1976 1220 (44)

167 1221 556 1266 medicaminibus
589 1234 708 1277 quae
734 1221 794 1265 ad
819 1219 1056 1277 sanguinis
1087 1221 1262 1264 fluxum
1288 1196 1552 1287 expediunt.
1603 1222 1653 1264 31
1677 1220 1717 1264 81
1739 1221 1859 1265 forte

168 1280 412 1338 quisquam
450 1280 720 1337 potionibus
763 1280 940 1324 mederi
970 1280 1194 1336 voluerit,
1239 1293 1335 1324 non
1366 1279 1458 1323 sint
1487 1278 1682 1323 nimium
1713 1280 1859 1325 medi·
1885 1289 1926 1322 15

169 1341 461 1385 camentosae
491 1338 722 1396 potiones
778 1338 911 1382 dabis
943 1352 1024 1396 erg
1029 1351 1055 1381 o
1085 1338 1247 1383 bibere
1278 1337 1366 1382 loti
1397 1337 1574 1382 arboris
1604 1340 1686 1382 aut
1711 1339 1859 1396 ipsius

166 1398 317 1444 scobis
349 1398 669 1465 decoctionem
702 1397 986 1454 singularem
994 1354 1096 1441 gant
1120 1397 1303 1442 Samiae
1326 1399 1479 1441 terrae
1503 1396 1654 1442 obolis
1678 1398 1859 1442 duobus

167 1455 387 1502 admixtis
426 1456 475 1501 in
514 1456 730 1514 apozima
770 1455 920 1501 tribus
974 1457 1145 1513 cyatis,
1193 1458 1241 1501 et
1279 1456 1319 1500 si
1364 1457 1549 1513 tempus
1595 1457 1860 1512 permiserit

168 1516 311 1562 etiam
344 1530 449 1560 cum
478 1516 586 1561 vino
619 1518 817 1561 austero.
866 1516 950 1559 aut
981 1530 1085 1560 cum
1116 1514 1431 1572 suprascripto
1462 1514 1641 1571 liquore
1684 1515 1858 1573 leporis

169 1576 415 1633 coagulum
447 1574 663 1619 similiter
693 1575 775 1618 aut
798 1574 1034 1619 cervinum
1059 1576 1141 1618 aut
1163 1573 1383 1619 aedinum
1414 1575 1496 1618 aut
1525 1573 1748 1631 agninum
1779 1574 1860 1619 aut
1882 1584 1927 1616 20

165 1633 415 1679 vitulinum
447 1634 587 1678 datur
617 1635 698 1678 aut
726 1631 844 1677 trita
866 1635 1023 1701 myrta
1046 1635 1130 1677 aut
1156 1632 1406 1677 omfacium
1430 1632 1616 1676 siccum.
1674 1634 1859 1689 quando

169 1695 327 1738 autem
360 1707 462 1737 cum
495 1692 655 1737 dolore
686 1691 790 1736 fluit
822 1692 1024 1749 sanguis,
1055 1691 1188 1736 alicis
1221 1705 1356 1736 sucus
1387 1690 1648 1736 iniciendus
1680 1694 1750 1737 est
1777 1693 1859 1737 aut

165 1752 382 1810 ptisanae
428 1753 510 1795 aut
564 1751 712 1795 311036
759 1754 842 1796 aut
888 1764 1053 1818 oryzae
1092 1765 1242 1795 8110118.
1322 1750 1508 1806 quando
1555 1753 1712 1795 autem
1752 1765 1859 1796 cum

169 1812 460 1856 ulceratione
499 1811 548 1854 et
576 1810 966 1866 inflammatione,
1006 1810 1072 1854 eis
1100 1810 1215 1867 ipsis
1245 1809 1391 1854 uteris
1424 1810 1590 1865 quibus
1621 1809 1858 1855 doloribus

169 1869 426 1916 coniunctis
456 1869 684 1914 utendum
715 1869 928 1913 diximus.
989 1870 1039 1913 at
1070 1869 1110 1913 81
1141 1868 1330 1913 801(11(13
1358 1868 1534 1912 fuerint
1554 1869 1713 1913 ulcera
1737 1883 1855 1925 quae
1879 1877 1924 1910 25

169 1929 458 1974 faeculentos
489 1928 667 1973 faciant
696 1927 808 1972 ferri
836 1928 1057 1984 liquores,
1085 1941 1179 1972 non
1211 1927 1348 1971 aliter
1379 1941 1519 1983 quam
1544 1928 1857 1983 dysenteriam

168 2002 382 2033 curamus
412 1987 463 2030 id
494 1989 567 2031 est
596 1986 663 2031 618
696 2000 815 2044 quae
846 1987 1005 2032 ulcera
1033 1988 1252 2044 purgent,
1283 1987 1366 2031 aut
1389 1986 1428 2030 si
1449 1986 1646 2043 limpida
1668 1987 1854 2043 fuerint,

167 2046 383 2092 similiter
412 2048 467 2090 ut
505 2045 810 2102 dysentericis
842 2046 902 2091 ad
934 2045 1242 2091 cicatricanda
1272 2044 1429 2089 ulcera
1458 2044 1748 2090 adhibemus.
1807 2046 1856 2089 in

167 2106 479 2152 declinatione
511 2106 670 2149 autem
695 2105 1053 2162 recorporativis
1084 2104 1470 2149 medicaminibus
1494 2103 1679 2159 utimur,
1711 2104 1762 2148 id
1786 2106 1857 2149 est

166 2165 430 2211 vectatione
463 2164 646 2209 diversa
677 2166 725 2209 et
755 2164 1154 2220 deambulatione,
1185 2163 1539 2220 vociferatione,
1569 2162 1853 2220 inunctione,
1877 2173 1921 2206 30

286 2303 311 2342 2
346 2296 607 2342 differentia
638 2311 673 2342 0.
797 2301 823 2340 3
856 2296 969 2341 duo:
1000 2298 1095 2341 tres
1126 2311 1162 2343 0.
1283 2310 1392 2341 3313
1424 2309 1507 2341 om.
1540 2309 1575 2341 0.
1690 2295 1852 2340 robrus

165 2371 202 2403 0.
325 2363 353 2401 4
385 2359 433 2402 61
463 2357 616 2402 albus:
650 2357 732 2401 aut
763 2355 896 2400 albus
927 2369 962 2400 0.
1086 2360 1113 2399 8
1145 2356 1193 2400 in
1217 2356 1414 2412 pedibus
1447 2369 1482 2399 0.
1605 2359 1631 2399 9
1665 2356 1713 2399 61
1744 2354 1784 2398 81
1808 2369 1850 2410 q.

166 2431 202 2461 0.
327 2421 382 2460 10
412 2415 539 2460 ferri:
576 2415 745 2460 inferre
776 2428 812 2460 c.
922 2419 975 2457 11
1010 2415 1259 2459 coniuncta
1290 2414 1388 2459 sine
1418 2415 1601 2458 tumore
1632 2415 1715 2458 aut
1746 2427 1851 2457 cum

165 2477 199 2519 t.
232 2489 268 2520 0.
423 2480 477 2518 14
509 2488 648 2531 quae:
682 2474 904 2530 quibusc
906 2510 915 2519 .
1070 2477 1124 2518 15
1155 2473 1334 2518 mederi
1366 2472 1456 2539 sibi
1486 2473 1647 2519 voLc.
1794 2476 1849 2515 16

161 2539 266 2591 post
305 2533 394 2578 loti
425 2533 602 2578 arboris
640 2535 840 2589 infertur}
869 2533 1020 2591 ylossa
1051 2547 1210 2577 semen
1240 2533 1298 2576 de
1332 2531 1459 2576 cuius
1490 2532 1619 2589 ligno
1653 2531 1849 2589 (lignum

165 2595 206 2650 0)
238 2592 463 2638 1361111313
491 2592 920 2649 tinguitur.17
954 2591 1225 2636 decoctione
1258 2590 1484 2647 singulari
1514 2605 1548 2635 0.
1687 2589 1848 2635 ovulos

167 2652 259 2697 duo
292 2651 523 2697 admixtus
553 2665 590 2696 0.
726 2656 783 2695 20
817 2650 1039 2695 cervolini
1070 2653 1152 2695 aut
1183 2650 1309 2695 edini
1339 2654 1416 2696 etc.
1450 2663 1484 2694 0.
1608 2654 1662 2693 22
1696 2647 1848 2692 salicis

167 2725 191 2755 c
222 2707 401 2767 (ai-tuoe
434 2710 544 2767 Or.).
668 2715 725 2754 24
757 2723 836 2755 608
866 2710 991 2766 ipsos
1024 2723 1060 2752 0.
1183 2714 1237 2753 26
1269 2709 1390 2753 ferre
1422 2722 1455 2752 0.
1579 2713 1633 2752 27
1668 2707 1733 2752 618
1764 2719 1846 2749 om.

167 2783 203 2814 0.
323 2771 542 2827 purgent:
578 2770 740 2814 curent
770 2783 806 2813 0.
950 2773 1007 2812 30
1038 2768 1347 2813 vectationes
1360 2767 1578 2822 diversas,
1613 2768 1660 2811 et
1692 2765 1846 2808 deam-

165 2827 429 2873 bulationes
461 2833 537 2873 ete.
572 2831 690 2885 (cum
720 2828 992 2873 accusativis
1022 2829 1209 2883 semper)
1243 2840 1278 2872 0.

1495 2898 1584 2942 10*
