2014 3162
851 107 1251 161 -198—

211 239 375 308 μέντοι
410 238 513 308 τὴν
529 239 777 309 κάθαρσιν
810 241 1160 308 ἐπιφαίνεσθαι
1191 245 1400 307 πρῶτον,
1439 237 1560 292 κατὰ
1591 237 1642 292 τὸ
1674 245 1898 292 πλεῖστον

208 323 319 391 περὶ
349 319 402 374 τὸ
435 322 951 388 τεσσαρεσκαιδέκατον
983 323 1088 384 ἔτος
1118 319 1326 393 ἀπαντᾷ.
1370 326 1514 374 τοῦτο
1546 324 1716 373 τοίνυν
1746 319 1901 382 ὅντως

209 403 305 455 ἐστὶ
360 400 575 468 φυσικὸν
629 403 710 454 καὶ
764 401 849 456 τὸν
893 408 978 470 τῆς
1035 400 1367 469 διακορήσεως
1421 402 1665 468 ἐμφαῖνον
1703 399 1900 468 χρόνον.

211 481 302 537 οὐκ
348 481 575 551 ἀσφαλὴς
623 483 676 536 δὲ
721 482 869 536 πάλιν
917 481 1025 536 οὐδ’
1076 480 1108 550 ἡ
1157 481 1272 550 μετὰ
1323 487 1533 549 πολυετῆ
1573 480 1753 550 χρόνον
1792 485 1900 534 δια-

165 582 186 615 5
210 563 423 632 κόρησις.
502 565 634 631 μένει
671 562 765 633 γὰρ
814 561 1176 632 συμπεπτωκῶς
1222 561 1249 616 ὁ
1287 563 1523 634 τράχηλος
1560 569 1646 630 τῆς
1683 561 1901 631 ὑστέρας,

211 644 272 698 ὃν
310 644 494 712 τρόπον
531 647 616 697 καὶ
652 644 710 697 τὰ
748 651 847 698 τῶν
885 644 1107 714 ἀρρένων
1131 643 1293 744 μόρια
1330 643 1464 712 παρὰ
1502 642 1555 697 τὸ
1588 642 1653 711 μὴ
1686 649 1900 712 χρῆσθαι

210 733 312 789 τοῖς
345 722 684 826 ἀφροδισίρις.
762 725 916 790 ούτως
964 729 1056 780 οὐν
1094 724 1189 778 κᾶν
1228 724 1503 796 εὐρυχωρία
1541 725 1630 792 μὲν
1666 730 1732 797 τῷ
1770 723 1900 778 κύτει

209 813 296 875 τῆς
334 806 534 876 ὑστέρας
571 806 624 861 τὸ
665 809 853 876 σπέρμα
893 808 1199 861 διαπλασθὲν
1236 808 1319 859 καὶ
1356 806 1612 860 τελειωθὲν
1651 809 1719 869 εἷς
1757 809 1902 878 ζῷον,

212 887 294 941 διὰ
335 895 506 942 στενοῦ
547 889 600 940 δὲ
638 894 725 942 τοῦ
757 888 997 957 τραχήλου
1028 888 1149 942 κατὰ
1180 886 1271 956 τὴν
1302 884 1531 950 ἀπότεξιν
1559 885 1651 940 οὐκ
1676 885 1901 955 εὐμαρῶς

143 989 186 1020 10
212 973 427 1023 διελθεῖν
460 967 739 1037 δυνάμενον
770 968 978 1039 μεγάλας
1009 968 1227 1038 ὀχλήσεις
1257 970 1339 1020 καὶ
1370 967 1636 1031 κινδύνους
1665 968 1896 1035 ἐπιφέρει.

210 1049 380 1119 διόπερ
419 1048 445 1104 ὁ
485 1051 837 1118 προειρημένος
874 1050 1063 1118 χρόνος,
1103 1053 1157 1103 ἐν
1189 1053 1227 1123 ᾧ
1256 1048 1598 1117 τελειούμενον
1635 1048 1687 1102 τὸ
1719 1053 1901 1118 χωρίον

208 1138 293 1200 τῆς
342 1133 575 1201 γενέσεως
614 1129 820 1183 δύναται
858 1130 948 1199 τὴν
998 1130 1244 1198 σύλληψιν
1282 1129 1569 1198 ὑπομένειν,
1623 1129 1900 1197 ἐπιτήδειός

212 1215 341 1265 ἐστιν
380 1215 448 1275 εἰς
487 1210 787 1280 διακόρησιν.

208 1377 280 1425 IX
335 1378 472 1436 Πῶς
518 1372 879 1440 σημειωτέον
924 1373 1025 1437 τὰς
1064 1373 1403 1441 δυναμένας
1442 1372 1899 1441 συλλαμβάνειν.

142 1511 185 1544 15
361 1497 444 1543 34.
489 1489 628 1543 Ἐπεὶ
664 1492 849 1544 τέκνων
887 1493 1029 1544 ἕνεκα
1067 1493 1149 1544 καὶ
1189 1495 1423 1560 διαδοχῆς
1461 1489 1566 1545 ἀλλ’
1610 1489 1719 1559 οὐχὶ
1748 1498 1901 1559 ’ψιλῆς

207 1570 523 1639 ἡδυπαθείας
562 1575 618 1623 αἱ
650 1574 824 1625 πολλαὶ
862 1571 1036 1641 γάμοις
1077 1572 1600 1643 συγκαταζεύγνυνται,
1654 1579 1900 1637 παντελῶς

209 1651 253 1704 δ’
308 1653 434 1705 ἐστὶν
481 1651 667 1705 ἄτοπον
711 1654 818 1720 περὶ
860 1653 949 1720 μὲν
993 1658 1079 1720 τῆς
1117 1660 1416 1724 προγονικῆς
1455 1652 1619 1706 αὐτῶν
1658 1652 1901 1723 εὐγενείας

207 1733 442 1797 ἐξετάζειν
487 1735 570 1786 καὶ
615 1738 701 1800 τῆς
746 1739 845 1786 τῶν
890 1734 1150 1802 χρημάτων
1197 1739 1503 1802 περιουσίας,
1556 1736 1666 1802 περὶ
1713 1735 1767 1786 δὲ
1813 1742 1900 1788 τοῦ

206 1814 414 1883 πότερον
454 1814 691 1867 δύνανται
732 1814 1090 1884 συλλαμβάνειν
1127 1813 1159 1883 ἢ
1202 1814 1266 1883 μὴ
1299 1818 1382 1868 καὶ
1415 1819 1458 1868 εἰ
1486 1813 1610 1883 πρὸς
1639 1813 1691 1868 τὸ
1725 1819 1899 1868 τίκτειν

142 1917 185 1950 20
202 1895 412 1971 κεῦφυῶς
450 1897 648 1964 ἔχουσαι
685 1893 719 1962 ἢ
762 1895 847 1962 οὔ,
893 1894 1206 1959 ἀνεξέταστον
1244 1895 1526 1962 ἀπολιπεῖν,
1567 1895 1777 1960 δεόντως
1815 1896 1910 1950 τὸν4

206 1978 316 2046 περὶ
361 1983 448 2030 τοῦ
495 1977 818 2044 προκειμένου
864 1977 1147 2046 ποιούμεθα
1197 1977 1358 2047 λόγον.’
1434 1977 1634 2046 εὐφυῶς
1673 1977 1735 2046 δὴ
1776 1977 1899 2047 πρὸς

209 2057 455 2126 σύλληψιν
507 2059 785 2109 διακεῖσθαι
824 2059 1122 2126 σημειωτέον
1159 2057 1244 2121 τὰς
1282 2057 1380 2111 ἀπὸ
1419 2062 1901 2123 πεντεκαιδεκαετοῦς

187 2135 397 2205 -ἡλικίας
443 2138 535 2200 ἕως
571 2145 1062 2205 τεσσαρακονταετοῦς
1100 2138 1222 2192 κατὰ
1259 2139 1313 2193 τὸ
1351 2147 1590 2207 πλεῖστον,
1622 2138 1747 2208 μήθ’
1793 2138 1900 2194 οἷον

207 2217 476 2287 ἀνδρώδεις
530 2220 611 2270 καὶ
663 2217 857 2281 πυκνὰς
913 2218 1039 2287 <τὴν
1085 2222 1221 2289 ἕξιν)
1269 2224 1351 2274 καὶ
1396 2226 1730 2291 καταπαγίους
1778 2221 1896 2290 μήτε

142 2320 184 2353 25
208 2299 336 2368 ἄγαν
391 2300 707 2366 ἐκλελυμένας
752 2301 835 2351 καὶ
879 2299 1190 2369 καθύγρους,
1246 2301 1363 2355 ῶστε
1416 2303 1500 2354 καὶ
1552 2301 1642 2369 τὴν
1689 2300 1895 2371 ὑστέραν

329 2400 560 2500 1πρῶῳ,
563 2443 599 2473 c.
706 2434 732 2473 3
769 2425 1014 2486 ἐμφαίνων
1046 2444 1071 2474 c
1103 2432 1235 2487 (corr.
1259 2432 1334 2503 D).
1459 2438 1483 2476 7
1517 2449 1602 2476 ουν
1635 2427 1727 2478 κᾶν
1759 2430 1898 2488 εύρυ-

207 2488 375 2558 χωρίοις
411 2483 499 2532 οὐκ
531 2484 859 2545 ἀνευρυχωρία
892 2503 929 2534 c.
1072 2495 1125 2533 11
1161 2487 1213 2534 ἐν
1246 2485 1306 2550 ᾦε
1341 2487 1394 2534 ἐν
1424 2491 1487 2535 τῶ
1522 2496 1760 2535 e.12
1794 2507 1898 2548 γεν-

207 2542 388 2602 νήσεως
421 2561 459 2590 ο.
601 2550 657 2590 14
688 2547 777 2591 hoc
808 2561 909 2604 cap.
942 2548 1173 2604 excerpsit
1202 2537 1305 2594 Aet.
1337 2549 1458 2605 XVI,
1493 2555 1530 2594 7.
1673 2555 1726 2594 15
1757 2551 1899 2607 ψιλῆς

206 2605 489 2650 Herwerden
519 2604 580 2648 Ε2
611 2620 661 2708 p
689 2610 772 2679 522:
806 2607 945 2662 φίλης
976 2620 1014 2650 ο.
1137 2605 1187 2651 οἷ
1213 2609 1372 2652 πολλοὶ
1405 2623 1441 2653 ο
1566 2614 1619 2653 17
1653 2604 1701 2651 δ’
1736 2624 1823 2654 om.
1859 2623 1897 2654 c.

270 2669 324 2710 19
359 2661 652 2709 δύναται..
682 2662 855 2735 ἔχουσα
888 2678 924 2708 c.
1106 2671 1163 2710 23
1195 2683 1314 2710 κατα
1347 2663 1399 2711 τὸ
1432 2670 1648 2712 πλεῖστον
1679 2667 1742 2712 D:
1775 2684 1895 2712 κατα

208 2719 291 2768 τὸν
325 2722 391 2774 εἰς
421 2721 505 2768 τὸν
538 2737 574 2766 ο.
698 2727 756 2767 24
787 2720 874 2779 τὴν
907 2722 1005 2778 ἕξιν
1039 2724 1219 2795 (addidi
1244 2740 1299 2770 ex
1322 2727 1444 2782 Aet.)
1471 2726 1552 2770 καὶ
1575 2728 1899 2792 καταπαγίους
1959 2751 1970 2754 -

209 2778 578 2853 (κατασκλήρους
601 2781 747 2837 Aet->z
781 2782 861 2826 καὶ
895 2780 1199 2856 καταπάχους
1230 2779 1258 2840 ἢ
1292 2783 1639 2842 καταπιμέλους
1662 2791 1787 2830 εἰναι
1811 2799 1849 2830 c.

212 2846 270 2886 25
304 2837 418 2888 ὥστε
453 2840 613 2885 addidi
643 2842 750 2897 post
779 2844 891 2887 καθ.
927 2843 1050 2899 (post
1088 2839 1255 2900 ὑπάρχ
1289 2844 1359 2901 Ε).
