<?xml version="1.0" encoding="UTF-8"?>
<!DOCTYPE html PUBLIC "-//W3C//DTD XHTML 1.0 Transitional//EN"
    "http://www.w3.org/TR/xhtml1/DTD/xhtml1-transitional.dtd">
<html xmlns="http://www.w3.org/1999/xhtml" xml:lang="en" lang="en">
 <head>
  <title>
</title>
<meta http-equiv="Content-Type" content="text/html;charset=utf-8" />
  <meta name='ocr-system' content='tesseract 3.04.00' />
  <meta name='ocr-capabilities' content='ocr_page ocr_carea ocr_par ocr_line ocrx_word'/>
</head>
<body>
  <div class='ocr_page' id='page_1' title='image "./gynaeciorumvetus00sorauoft_0050.png"; bbox 0 0 2014 3162; ppageno 0'>
   <div class='ocr_carea' id='block_1_1' title="bbox 863 117 1219 169">
    <p class='ocr_par' dir='ltr' id='par_1_1' title="bbox 863 117 1219 169">
     <span class='ocr_line' id='line_1_1' title="bbox 863 117 1219 169; baseline 0 -17"><span class='ocrx_word' id='word_1_1' title='bbox 863 117 1219 169; x_wconf 70' lang='lat'>—26-</span> 
     </span>
    </p>
   </div>
   <div class='ocr_carea' id='block_1_2' title="bbox 86 249 1949 1777">
    <p class='ocr_par' dir='ltr' id='par_1_2' title="bbox 86 249 1949 1777">
     <span class='ocr_line' id='line_1_2' title="bbox 200 249 1883 317; baseline -0.002 -15"><span class='ocrx_word' id='word_1_2' title='bbox 200 253 395 302; x_wconf 92' lang='lat' dir='ltr'>modico</span> <span class='ocrx_word' id='word_1_3' title='bbox 444 254 556 301; x_wconf 90' lang='lat' dir='ltr'>vino</span> <span class='ocrx_word' id='word_1_4' title='bbox 597 251 811 300; x_wconf 87' lang='lat' dir='ltr'>admixto</span> <span class='ocrx_word' id='word_1_5' title='bbox 851 259 1015 316; x_wconf 90' lang='lat' dir='ltr'>partes</span> <span class='ocrx_word' id='word_1_6' title='bbox 1054 254 1186 317; x_wconf 91' lang='lat' dir='ltr'>ipsas</span> <span class='ocrx_word' id='word_1_7' title='bbox 1225 251 1464 315; x_wconf 74' lang='lat' dir='ltr'>inrigare,</span> <span class='ocrx_word' id='word_1_8' title='bbox 1513 252 1556 299; x_wconf 90' lang='lat' dir='ltr'>si</span> <span class='ocrx_word' id='word_1_9' title='bbox 1595 266 1711 299; x_wconf 90' lang='lat' dir='ltr'>vero</span> <span class='ocrx_word' id='word_1_10' title='bbox 1751 249 1883 299; x_wconf 89' lang='lat' dir='ltr'>labo-</span> 
     </span>
     <span class='ocr_line' id='line_1_3' title="bbox 200 323 1885 392; baseline -0.001 -16"><span class='ocrx_word' id='word_1_11' title='bbox 200 329 364 376; x_wconf 88' lang='lat' dir='ltr'>riosus</span> <span class='ocrx_word' id='word_1_12' title='bbox 403 332 574 392; x_wconf 88' lang='lat' dir='ltr'>partus</span> <span class='ocrx_word' id='word_1_13' title='bbox 613 327 900 391; x_wconf 78' lang='lat' dir='ltr'><strong>praecessit,</strong></span> <span class='ocrx_word' id='word_1_14' title='bbox 938 325 1045 374; x_wconf 92' lang='lat' dir='ltr'>oleo</span> <span class='ocrx_word' id='word_1_15' title='bbox 1086 325 1219 374; x_wconf 92' lang='lat' dir='ltr'>dulci</span> <span class='ocrx_word' id='word_1_16' title='bbox 1259 330 1307 374; x_wconf 91' lang='lat' dir='ltr'>et</span> <span class='ocrx_word' id='word_1_17' title='bbox 1346 323 1502 373; x_wconf 88' lang='lat' dir='ltr'>calido</span> <span class='ocrx_word' id='word_1_18' title='bbox 1535 325 1655 374; x_wconf 85' lang='lat' dir='ltr'>haec</span> <span class='ocrx_word' id='word_1_19' title='bbox 1689 331 1885 389; x_wconf 81' lang='lat' dir='ltr'><strong>oportet</strong></span> 
     </span>
     <span class='ocr_line' id='line_1_4' title="bbox 200 398 1885 467; baseline -0.002 -17"><span class='ocrx_word' id='word_1_20' title='bbox 200 401 378 467; x_wconf 83' lang='lat' dir='ltr'>facere,</span> <span class='ocrx_word' id='word_1_21' title='bbox 418 399 593 449; x_wconf 90' lang='lat' dir='ltr'>deinde</span> <span class='ocrx_word' id='word_1_22' title='bbox 633 398 784 448; x_wconf 92' lang='lat' dir='ltr'>biduo</span> <span class='ocrx_word' id='word_1_23' title='bbox 825 414 931 448; x_wconf 88' lang='lat' dir='ltr'>eam</span> <span class='ocrx_word' id='word_1_24' title='bbox 964 414 990 448; x_wconf 85' lang='lat' dir='ltr'>a</span> <span class='ocrx_word' id='word_1_25' title='bbox 1022 398 1132 448; x_wconf 89' lang='lat' dir='ltr'>cibo</span> <span class='ocrx_word' id='word_1_26' title='bbox 1169 398 1432 464; x_wconf 86' lang='lat' dir='ltr'>abstinere,</span> <span class='ocrx_word' id='word_1_27' title='bbox 1472 400 1619 448; x_wconf 90' lang='lat' dir='ltr'>tertia</span> <span class='ocrx_word' id='word_1_28' title='bbox 1656 413 1773 447; x_wconf 86' lang='lat' dir='ltr'>vero</span> <span class='ocrx_word' id='word_1_29' title='bbox 1806 398 1885 447; x_wconf 86' lang='lat' dir='ltr'>die</span> 
     </span>
     <span class='ocr_line' id='line_1_5' title="bbox 203 472 1884 538; baseline -0.002 -15"><span class='ocrx_word' id='word_1_30' title='bbox 203 474 557 523; x_wconf 87' lang='lat' dir='ltr'>encathismate</span> <span class='ocrx_word' id='word_1_31' title='bbox 583 472 738 522; x_wconf 87' lang='lat' dir='ltr'>calido</span> <span class='ocrx_word' id='word_1_32' title='bbox 772 479 821 522; x_wconf 87' lang='lat' dir='ltr'>et</span> <span class='ocrx_word' id='word_1_33' title='bbox 851 475 1176 538; x_wconf 83' lang='lat' dir='ltr'>perunctione</span> <span class='ocrx_word' id='word_1_34' title='bbox 1203 478 1371 522; x_wconf 83' lang='lat' dir='ltr'>curata</span> <span class='ocrx_word' id='word_1_35' title='bbox 1404 478 1452 521; x_wconf 88' lang='lat' dir='ltr'>et</span> <span class='ocrx_word' id='word_1_36' title='bbox 1481 487 1606 536; x_wconf 87' lang='lat' dir='ltr'>aqua</span> <span class='ocrx_word' id='word_1_37' title='bbox 1630 473 1777 521; x_wconf 91' lang='lat' dir='ltr'>etiam</span> <span class='ocrx_word' id='word_1_38' title='bbox 1809 485 1884 521; x_wconf 83' lang='lat' dir='ltr'>ca-</span> 
     </span>
     <span class='ocr_line' id='line_1_6' title="bbox 157 545 1885 614; baseline 0.001 -21"><span class='ocrx_word' id='word_1_39' title='bbox 157 558 178 593; x_wconf 83' lang='lat'>5</span> <span class='ocrx_word' id='word_1_40' title='bbox 202 547 300 597; x_wconf 92' lang='lat' dir='ltr'>lida</span> <span class='ocrx_word' id='word_1_41' title='bbox 331 549 604 597; x_wconf 85' lang='lat' dir='ltr'>fomentare</span> <span class='ocrx_word' id='word_1_42' title='bbox 630 548 818 614; x_wconf 85' lang='lat' dir='ltr'>faciem,</span> <span class='ocrx_word' id='word_1_43' title='bbox 849 547 1058 611; x_wconf 82' lang='lat' dir='ltr'>simplici</span> <span class='ocrx_word' id='word_1_44' title='bbox 1083 545 1192 596; x_wconf 92' lang='lat' dir='ltr'>cibo</span> <span class='ocrx_word' id='word_1_45' title='bbox 1217 546 1311 595; x_wconf 92' lang='lat' dir='ltr'>hoc</span> <span class='ocrx_word' id='word_1_46' title='bbox 1336 551 1412 594; x_wconf 90' lang='lat' dir='ltr'>est</span> <span class='ocrx_word' id='word_1_47' title='bbox 1434 560 1560 610; x_wconf 88' lang='lat' dir='ltr'>pane</span> <span class='ocrx_word' id='word_1_48' title='bbox 1587 551 1636 595; x_wconf 86' lang='lat' dir='ltr'>et</span> <span class='ocrx_word' id='word_1_49' title='bbox 1660 560 1786 610; x_wconf 85' lang='lat' dir='ltr'>aqua</span> <span class='ocrx_word' id='word_1_50' title='bbox 1802 553 1885 595; x_wconf 90' lang='lat' dir='ltr'>aut</span> 
     </span>
     <span class='ocr_line' id='line_1_7' title="bbox 200 618 1886 686; baseline -0.002 -15"><span class='ocrx_word' id='word_1_51' title='bbox 200 622 423 686; x_wconf 87' lang='lat' dir='ltr'>pultibus</span> <span class='ocrx_word' id='word_1_52' title='bbox 477 628 562 671; x_wconf 89' lang='lat' dir='ltr'>aut</span> <span class='ocrx_word' id='word_1_53' title='bbox 607 623 709 670; x_wconf 90' lang='lat' dir='ltr'>ovis</span> <span class='ocrx_word' id='word_1_54' title='bbox 758 620 1022 670; x_wconf 89' lang='lat' dir='ltr'>sorbilibus</span> <span class='ocrx_word' id='word_1_55' title='bbox 1069 635 1174 669; x_wconf 89' lang='lat' dir='ltr'>eam</span> <span class='ocrx_word' id='word_1_56' title='bbox 1223 620 1428 668; x_wconf 90' lang='lat' dir='ltr'>reficere</span> <span class='ocrx_word' id='word_1_57' title='bbox 1470 625 1520 668; x_wconf 92' lang='lat' dir='ltr'>et</span> <span class='ocrx_word' id='word_1_58' title='bbox 1557 633 1733 683; x_wconf 85' lang='lat' dir='ltr'>aquam</span> <span class='ocrx_word' id='word_1_59' title='bbox 1774 618 1886 667; x_wconf 86' lang='lat' dir='ltr'>cali·</span> 
     </span>
     <span class='ocr_line' id='line_1_8' title="bbox 202 692 1886 760; baseline -0.002 -16"><span class='ocrx_word' id='word_1_60' title='bbox 202 696 313 744; x_wconf 89' lang='lat' dir='ltr'>dam</span> <span class='ocrx_word' id='word_1_61' title='bbox 338 695 470 760; x_wconf 88' lang='lat' dir='ltr'>dare,</span> <span class='ocrx_word' id='word_1_62' title='bbox 510 697 716 760; x_wconf 87' lang='lat' dir='ltr'>septima</span> <span class='ocrx_word' id='word_1_63' title='bbox 749 701 913 744; x_wconf 87' lang='lat' dir='ltr'>autem</span> <span class='ocrx_word' id='word_1_64' title='bbox 946 695 1022 743; x_wconf 88' lang='lat' dir='ltr'>die</span> <span class='ocrx_word' id='word_1_65' title='bbox 1056 693 1206 743; x_wconf 89' lang='lat' dir='ltr'>nullis</span> <span class='ocrx_word' id='word_1_66' title='bbox 1239 692 1619 742; x_wconf 89' lang='lat' dir='ltr'>occurrentibus</span> <span class='ocrx_word' id='word_1_67' title='bbox 1653 692 1886 757; x_wconf 80' lang='lat' dir='ltr'>querellis</span> 
     </span>
     <span class='ocr_line' id='line_1_9' title="bbox 201 767 1886 831; baseline -0.002 -13"><span class='ocrx_word' id='word_1_68' title='bbox 201 769 394 818; x_wconf 88' lang='lat' dir='ltr'>lavacro</span> <span class='ocrx_word' id='word_1_69' title='bbox 431 770 505 818; x_wconf 89' lang='lat' dir='ltr'>uti</span> <span class='ocrx_word' id='word_1_70' title='bbox 545 775 594 818; x_wconf 88' lang='lat' dir='ltr'>et</span> <span class='ocrx_word' id='word_1_71' title='bbox 633 770 766 817; x_wconf 89' lang='lat' dir='ltr'>vario</span> <span class='ocrx_word' id='word_1_72' title='bbox 807 768 917 817; x_wconf 90' lang='lat' dir='ltr'>cibo</span> <span class='ocrx_word' id='word_1_73' title='bbox 959 775 1007 817; x_wconf 90' lang='lat' dir='ltr'>et</span> <span class='ocrx_word' id='word_1_74' title='bbox 1044 769 1157 816; x_wconf 85' lang='lat' dir='ltr'>vino</span> <span class='ocrx_word' id='word_1_75' title='bbox 1198 767 1390 816; x_wconf 89' lang='lat' dir='ltr'>modico</span> <span class='ocrx_word' id='word_1_76' title='bbox 1423 774 1474 816; x_wconf 91' lang='lat' dir='ltr'>et</span> <span class='ocrx_word' id='word_1_77' title='bbox 1505 768 1731 831; x_wconf 88' lang='lat' dir='ltr'>aquatius</span> <span class='ocrx_word' id='word_1_78' title='bbox 1766 774 1886 816; x_wconf 89' lang='lat' dir='ltr'>tem-</span> 
     </span>
     <span class='ocr_line' id='line_1_10' title="bbox 204 850 390 908; baseline 0.005 -17"><span class='ocrx_word' id='word_1_79' title='bbox 204 850 390 908; x_wconf 86' lang='lat' dir='ltr'>perato.</span> 
     </span>
     <span class='ocr_line' id='line_1_11' title="bbox 86 897 1949 983; baseline -0.008 -7"><span class='ocrx_word' id='word_1_80' title='bbox 86 897 183 983; x_wconf 50' lang='lat'>{223</span> <span class='ocrx_word' id='word_1_81' title='bbox 322 914 405 966; x_wconf 83' lang='lat'>70.</span> <span class='ocrx_word' id='word_1_82' title='bbox 469 915 723 974; x_wconf 87' lang='lat' dir='ltr'>Quomodo</span> <span class='ocrx_word' id='word_1_83' title='bbox 765 918 1110 980; x_wconf 84' lang='lat' dir='ltr'>cognoscimus</span> <span class='ocrx_word' id='word_1_84' title='bbox 1156 921 1268 980; x_wconf 90' lang='lat' dir='ltr'>post</span> <span class='ocrx_word' id='word_1_85' title='bbox 1313 921 1509 980; x_wconf 88' lang='lat' dir='ltr'>partum</span> <span class='ocrx_word' id='word_1_86' title='bbox 1557 914 1887 964; x_wconf 84' lang='lat' dir='ltr'>sufficientem</span> <span class='ocrx_word' id='word_1_87' title='bbox 1947 921 1949 923; x_wconf 83' lang='grc'><strong>’</strong></span> 
     </span>
     <span class='ocr_line' id='line_1_12' title="bbox 139 986 1510 1056; baseline -0.001 -16"><span class='ocrx_word' id='word_1_88' title='bbox 139 1002 180 1033; x_wconf 84' lang='grc'>11</span> <span class='ocrx_word' id='word_1_89' title='bbox 204 992 549 1056; x_wconf 79' lang='lat' dir='ltr'>purgationem</span> <span class='ocrx_word' id='word_1_90' title='bbox 588 986 903 1039; x_wconf 77' lang='lat' dir='ltr'>occurrisse?</span> <span class='ocrx_word' id='word_1_91' title='bbox 1504 1001 1510 1011; x_wconf 83' lang='grc'><strong>’</strong></span> 
     </span>
     <span class='ocr_line' id='line_1_13' title="bbox 315 1061 1886 1129; baseline -0.002 -16"><span class='ocrx_word' id='word_1_92' title='bbox 315 1079 374 1113; x_wconf 85' lang='lat' dir='ltr'>ex</span> <span class='ocrx_word' id='word_1_93' title='bbox 421 1080 479 1113; x_wconf 92' lang='lat' dir='ltr'>eo</span> <span class='ocrx_word' id='word_1_94' title='bbox 531 1065 662 1128; x_wconf 91' lang='lat' dir='ltr'>quod</span> <span class='ocrx_word' id='word_1_95' title='bbox 709 1065 868 1129; x_wconf 92' lang='lat' dir='ltr'>primo</span> <span class='ocrx_word' id='word_1_96' title='bbox 925 1064 1123 1127; x_wconf 89' lang='lat' dir='ltr'>sanguis</span> <span class='ocrx_word' id='word_1_97' title='bbox 1169 1062 1437 1127; x_wconf 88' lang='lat' dir='ltr'>plurimum</span> <span class='ocrx_word' id='word_1_98' title='bbox 1491 1061 1622 1128; x_wconf 81' lang='lat' dir='ltr'>fluit,</span> <span class='ocrx_word' id='word_1_99' title='bbox 1669 1062 1886 1111; x_wconf 89' lang='lat' dir='ltr'>secundo</span> 
     </span>
     <span class='ocr_line' id='line_1_14' title="bbox 201 1136 1470 1203; baseline -0.001 -16"><span class='ocrx_word' id='word_1_100' title='bbox 201 1138 510 1188; x_wconf 88' lang='lat' dir='ltr'>faeculentus</span> <span class='ocrx_word' id='word_1_101' title='bbox 550 1144 599 1187; x_wconf 88' lang='lat' dir='ltr'>et</span> <span class='ocrx_word' id='word_1_102' title='bbox 637 1139 816 1203; x_wconf 81' lang='lat' dir='ltr'>minuS,</span> <span class='ocrx_word' id='word_1_103' title='bbox 856 1139 1118 1186; x_wconf 90' lang='lat' dir='ltr'>novissime</span> <span class='ocrx_word' id='word_1_104' title='bbox 1157 1136 1470 1201; x_wconf 82' lang='lat' dir='ltr'>purulentus,</span> 
     </span>
     <span class='ocr_line' id='line_1_15' title="bbox 316 1209 1886 1275; baseline -0.002 -14"><span class='ocrx_word' id='word_1_105' title='bbox 316 1209 400 1262; x_wconf 80' lang='lat'>71.</span> <span class='ocrx_word' id='word_1_106' title='bbox 463 1211 561 1260; x_wconf 88' lang='lat' dir='ltr'>Sed</span> <span class='ocrx_word' id='word_1_107' title='bbox 601 1211 660 1260; x_wconf 90' lang='lat' dir='ltr'>de</span> <span class='ocrx_word' id='word_1_108' title='bbox 709 1217 887 1260; x_wconf 89' lang='lat' dir='ltr'>conatu</span> <span class='ocrx_word' id='word_1_109' title='bbox 935 1218 984 1260; x_wconf 91' lang='lat' dir='ltr'>et</span> <span class='ocrx_word' id='word_1_110' title='bbox 1033 1212 1260 1260; x_wconf 83' lang='lat' dir='ltr'>tensione</span> <span class='ocrx_word' id='word_1_111' title='bbox 1300 1211 1612 1274; x_wconf 84' lang='lat' dir='ltr'>frequentius</span> <span class='ocrx_word' id='word_1_112' title='bbox 1651 1211 1702 1258; x_wconf 92' lang='lat' dir='ltr'>in</span> <span class='ocrx_word' id='word_1_113' title='bbox 1741 1216 1886 1275; x_wconf 89' lang='lat' dir='ltr'>partu</span> 
     </span>
     <span class='ocr_line' id='line_1_16' title="bbox 139 1281 1733 1349; baseline 0.002 -19"><span class='ocrx_word' id='word_1_114' title='bbox 139 1297 183 1330; x_wconf 87' lang='lat'>15</span> <span class='ocrx_word' id='word_1_115' title='bbox 207 1287 465 1349; x_wconf 90' lang='lat' dir='ltr'>ruptiones</span> <span class='ocrx_word' id='word_1_116' title='bbox 505 1291 790 1335; x_wconf 90' lang='lat' dir='ltr'>occurrunt.</span> <span class='ocrx_word' id='word_1_117' title='bbox 869 1284 927 1333; x_wconf 88' lang='lat' dir='ltr'>ad</span> <span class='ocrx_word' id='word_1_118' title='bbox 967 1285 1054 1333; x_wconf 88' lang='lat' dir='ltr'>has</span> <span class='ocrx_word' id='word_1_119' title='bbox 1095 1283 1213 1349; x_wconf 92' lang='lat' dir='ltr'>quid</span> <span class='ocrx_word' id='word_1_120' title='bbox 1253 1284 1415 1333; x_wconf 88' lang='lat' dir='ltr'>facere</span> <span class='ocrx_word' id='word_1_121' title='bbox 1456 1281 1733 1333; x_wconf 81' lang='lat' dir='ltr'>debemus?</span> 
     </span>
     <span class='ocr_line' id='line_1_17' title="bbox 313 1358 1887 1424; baseline -0.001 -16"><span class='ocrx_word' id='word_1_122' title='bbox 313 1365 425 1424; x_wconf 87' lang='lat' dir='ltr'>post</span> <span class='ocrx_word' id='word_1_123' title='bbox 463 1359 650 1423; x_wconf 82' lang='lat' dir='ltr'>aliquot</span> <span class='ocrx_word' id='word_1_124' title='bbox 683 1358 788 1407; x_wconf 89' lang='lat' dir='ltr'>dies</span> <span class='ocrx_word' id='word_1_125' title='bbox 819 1365 990 1423; x_wconf 88' lang='lat' dir='ltr'>partus</span> <span class='ocrx_word' id='word_1_126' title='bbox 1024 1359 1266 1407; x_wconf 87' lang='lat' dir='ltr'>cerotaria</span> <span class='ocrx_word' id='word_1_127' title='bbox 1300 1359 1583 1422; x_wconf 90' lang='lat' dir='ltr'>inponimus</span> <span class='ocrx_word' id='word_1_128' title='bbox 1616 1373 1740 1422; x_wconf 88' lang='lat' dir='ltr'>quae</span> <span class='ocrx_word' id='word_1_129' title='bbox 1773 1372 1887 1406; x_wconf 86' lang='lat' dir='ltr'>con·</span> 
     </span>
     <span class='ocr_line' id='line_1_18' title="bbox 201 1431 1888 1498; baseline -0.001 -17"><span class='ocrx_word' id='word_1_130' title='bbox 201 1433 437 1482; x_wconf 87' lang='lat' dir='ltr'>ficiuntur</span> <span class='ocrx_word' id='word_1_131' title='bbox 484 1448 598 1482; x_wconf 87' lang='lat' dir='ltr'>cera</span> <span class='ocrx_word' id='word_1_132' title='bbox 647 1440 696 1482; x_wconf 91' lang='lat' dir='ltr'>et</span> <span class='ocrx_word' id='word_1_133' title='bbox 742 1431 850 1481; x_wconf 92' lang='lat' dir='ltr'>oleo</span> <span class='ocrx_word' id='word_1_134' title='bbox 898 1447 1066 1498; x_wconf 85' lang='lat' dir='ltr'>roseo,</span> <span class='ocrx_word' id='word_1_135' title='bbox 1107 1439 1291 1495; x_wconf 79' lang='lat' dir='ltr'>&#39;spuma</span> <span class='ocrx_word' id='word_1_136' title='bbox 1344 1433 1537 1496; x_wconf 82' lang='lat' dir='ltr'>argenti</span> <span class='ocrx_word' id='word_1_137' title='bbox 1591 1438 1641 1480; x_wconf 89' lang='lat' dir='ltr'>et</span> <span class='ocrx_word' id='word_1_138' title='bbox 1687 1446 1888 1481; x_wconf 85' lang='lat' dir='ltr'>cerussa</span> 
     </span>
     <span class='ocr_line' id='line_1_19' title="bbox 204 1505 1389 1571; baseline -0.002 -16"><span class='ocrx_word' id='word_1_139' title='bbox 204 1515 254 1555; x_wconf 90' lang='lat' dir='ltr'>et</span> <span class='ocrx_word' id='word_1_140' title='bbox 293 1506 507 1556; x_wconf 87' lang='lat' dir='ltr'>alumine</span> <span class='ocrx_word' id='word_1_141' title='bbox 546 1506 776 1571; x_wconf 86' lang='lat' dir='ltr'>rotundo,</span> <span class='ocrx_word' id='word_1_142' title='bbox 815 1508 1071 1570; x_wconf 88' lang='lat' dir='ltr'>ipsamque</span> <span class='ocrx_word' id='word_1_143' title='bbox 1111 1505 1389 1554; x_wconf 74' lang='lat' dir='ltr'>fasciamus</span> 
     </span>
     <span class='ocr_line' id='line_1_20' title="bbox 87 1575 1397 1644; baseline 0 -17"><span class='ocrx_word' id='word_1_144' title='bbox 87 1583 181 1641; x_wconf 81' lang='lat'>(23)</span> <span class='ocrx_word' id='word_1_145' title='bbox 320 1578 402 1629; x_wconf 77' lang='lat'>72.</span> <span class='ocrx_word' id='word_1_146' title='bbox 444 1579 572 1638; x_wconf 90' lang='lat' dir='ltr'>Quid</span> <span class='ocrx_word' id='word_1_147' title='bbox 614 1586 689 1628; x_wconf 89' lang='lat' dir='ltr'>est</span> <span class='ocrx_word' id='word_1_148' title='bbox 729 1581 974 1644; x_wconf 86' lang='lat' dir='ltr'>spargesis</span> <span class='ocrx_word' id='word_1_149' title='bbox 1014 1585 1126 1644; x_wconf 90' lang='lat' dir='ltr'>post</span> <span class='ocrx_word' id='word_1_150' title='bbox 1163 1575 1397 1644; x_wconf 74' lang='lat' dir='ltr'>partum?</span> 
     </span>
     <span class='ocr_line' id='line_1_21' title="bbox 136 1651 1888 1719; baseline 0.001 -20"><span class='ocrx_word' id='word_1_151' title='bbox 136 1668 180 1700; x_wconf 83' lang='lat'>20</span> <span class='ocrx_word' id='word_1_152' title='bbox 315 1653 454 1703; x_wconf 86' lang='lat' dir='ltr'>lactis</span> <span class='ocrx_word' id='word_1_153' title='bbox 488 1654 545 1703; x_wconf 90' lang='lat' dir='ltr'>ad</span> <span class='ocrx_word' id='word_1_154' title='bbox 578 1653 816 1703; x_wconf 88' lang='lat' dir='ltr'>mamillas</span> <span class='ocrx_word' id='word_1_155' title='bbox 856 1652 1101 1702; x_wconf 88' lang='lat' dir='ltr'>confluxio</span> <span class='ocrx_word' id='word_1_156' title='bbox 1127 1668 1240 1702; x_wconf 91' lang='lat' dir='ltr'>cum</span> <span class='ocrx_word' id='word_1_157' title='bbox 1273 1654 1498 1702; x_wconf 85' lang='lat' dir='ltr'>tensione</span> <span class='ocrx_word' id='word_1_158' title='bbox 1531 1658 1581 1700; x_wconf 86' lang='lat' dir='ltr'>et</span> <span class='ocrx_word' id='word_1_159' title='bbox 1610 1651 1888 1719; x_wconf 85' lang='lat' dir='ltr'>gravedine,</span> 
     </span>
     <span class='ocr_line' id='line_1_22' title="bbox 203 1727 896 1777; baseline 0 -1"><span class='ocrx_word' id='word_1_160' title='bbox 203 1727 373 1776; x_wconf 91' lang='lat' dir='ltr'>dolore</span> <span class='ocrx_word' id='word_1_161' title='bbox 414 1729 561 1776; x_wconf 88' lang='lat' dir='ltr'>etiam</span> <span class='ocrx_word' id='word_1_162' title='bbox 600 1734 651 1777; x_wconf 92' lang='lat' dir='ltr'>et</span> <span class='ocrx_word' id='word_1_163' title='bbox 689 1728 896 1776; x_wconf 90' lang='lat' dir='ltr'>fervore.</span> 
     </span>
    </p>
   </div>
   <div class='ocr_carea' id='block_1_3' title="bbox 200 1837 1921 2901">
    <p class='ocr_par' dir='ltr' id='par_1_3' title="bbox 200 1837 1921 2901">
     <span class='ocr_line' id='line_1_23' title="bbox 321 1837 1888 1895; baseline -0.001 -11"><span class='ocrx_word' id='word_1_164' title='bbox 321 1844 348 1883; x_wconf 83' lang='lat'>2</span> <span class='ocrx_word' id='word_1_165' title='bbox 382 1839 516 1884; x_wconf 86' lang='lat' dir='ltr'>dulce</span> <span class='ocrx_word' id='word_1_166' title='bbox 549 1840 589 1884; x_wconf 87' lang='lat' dir='ltr'>b.</span> <span class='ocrx_word' id='word_1_167' title='bbox 726 1840 843 1883; x_wconf 85' lang='lat' dir='ltr'>haec</span> <span class='ocrx_word' id='word_1_168' title='bbox 874 1838 1030 1883; x_wconf 84' lang='lat' dir='ltr'>omnia</span> <span class='ocrx_word' id='word_1_169' title='bbox 1063 1839 1170 1895; x_wconf 79' lang='lat' dir='ltr'>(pro</span> <span class='ocrx_word' id='word_1_170' title='bbox 1204 1839 1418 1895; x_wconf 80' lang='lat' dir='ltr'>oportet?</span> <span class='ocrx_word' id='word_1_171' title='bbox 1451 1839 1507 1894; x_wconf 80' lang='lat' dir='ltr'>ef.</span> <span class='ocrx_word' id='word_1_172' title='bbox 1541 1839 1702 1894; x_wconf 75' lang='lat' dir='ltr'>supra)</span> <span class='ocrx_word' id='word_1_173' title='bbox 1735 1837 1888 1882; x_wconf 79' lang='lat' dir='ltr'>facere</span> 
     </span>
     <span class='ocr_line' id='line_1_24' title="bbox 202 1896 1921 1956; baseline -0.003 -12"><span class='ocrx_word' id='word_1_174' title='bbox 202 1900 249 1944; x_wconf 92' lang='lat' dir='ltr'>b:</span> <span class='ocrx_word' id='word_1_175' title='bbox 281 1899 386 1956; x_wconf 85' lang='lat' dir='ltr'>ipsa</span> <span class='ocrx_word' id='word_1_176' title='bbox 415 1899 521 1944; x_wconf 83' lang='lat' dir='ltr'>loca</span> <span class='ocrx_word' id='word_1_177' title='bbox 551 1897 807 1943; x_wconf 82' lang='lat' dir='ltr'>calefacere</span> <span class='ocrx_word' id='word_1_178' title='bbox 839 1899 903 1942; x_wconf 79' lang='lat' dir='ltr'>lh.</span> <span class='ocrx_word' id='word_1_179' title='bbox 1033 1903 1058 1942; x_wconf 90' lang='lat'><strong>3</strong></span> <span class='ocrx_word' id='word_1_180' title='bbox 1091 1897 1225 1942; x_wconf 85' lang='lat' dir='ltr'>acibo</span> <span class='ocrx_word' id='word_1_181' title='bbox 1259 1897 1409 1954; x_wconf 87' lang='lat' dir='ltr'>(aciuo</span> <span class='ocrx_word' id='word_1_182' title='bbox 1441 1899 1489 1955; x_wconf 80' lang='lat' dir='ltr'>h)</span> <span class='ocrx_word' id='word_1_183' title='bbox 1522 1899 1570 1942; x_wconf 83' lang='lat' dir='ltr'>b:</span> <span class='ocrx_word' id='word_1_184' title='bbox 1604 1896 1708 1940; x_wconf 91' lang='lat' dir='ltr'>cibo</span> <span class='ocrx_word' id='word_1_185' title='bbox 1741 1898 1768 1940; x_wconf 81' lang='lat' dir='ltr'>Z.</span> <span class='ocrx_word' id='word_1_186' title='bbox 1917 1947 1921 1950; x_wconf 41' lang='grc'><em>,</em></span> 
     </span>
     <span class='ocr_line' id='line_1_25' title="bbox 200 1955 1889 2014; baseline -0.001 -12"><span class='ocrx_word' id='word_1_187' title='bbox 200 1959 346 2002; x_wconf 80' lang='lat' dir='ltr'>tercio</span> <span class='ocrx_word' id='word_1_188' title='bbox 379 1959 406 2003; x_wconf 84' lang='lat' dir='ltr'>l.</span> <span class='ocrx_word' id='word_1_189' title='bbox 558 1963 587 2001; x_wconf 83' lang='lat'>4</span> <span class='ocrx_word' id='word_1_190' title='bbox 625 1959 673 2001; x_wconf 83' lang='lat' dir='ltr'>et</span> <span class='ocrx_word' id='word_1_191' title='bbox 704 1959 815 2014; x_wconf 82' lang='lat' dir='ltr'>(aq.)</span> <span class='ocrx_word' id='word_1_192' title='bbox 848 1958 895 2001; x_wconf 85' lang='lat' dir='ltr'>b:</span> <span class='ocrx_word' id='word_1_193' title='bbox 928 1970 1010 2001; x_wconf 85' lang='lat' dir='ltr'>om.</span> <span class='ocrx_word' id='word_1_194' title='bbox 1045 1959 1072 2002; x_wconf 80' lang='lat' dir='ltr'>l.</span> <span class='ocrx_word' id='word_1_195' title='bbox 1219 1962 1245 2001; x_wconf 88' lang='lat'>5</span> <span class='ocrx_word' id='word_1_196' title='bbox 1277 1957 1554 2002; x_wconf 80' lang='lat' dir='ltr'>fomentare:</span> <span class='ocrx_word' id='word_1_197' title='bbox 1589 1955 1831 2000; x_wconf 64' lang='lat' dir='ltr'>fomentat)</span> <span class='ocrx_word' id='word_1_198' title='bbox 1863 1956 1889 2000; x_wconf 90' lang='lat' dir='ltr'>b</span> 
     </span>
     <span class='ocr_line' id='line_1_26' title="bbox 203 2015 1891 2073; baseline -0.002 -12"><span class='ocrx_word' id='word_1_199' title='bbox 203 2039 259 2055; x_wconf 89' lang='lat'>=</span> <span class='ocrx_word' id='word_1_200' title='bbox 279 2016 369 2061; x_wconf 86' lang='lat' dir='ltr'>-bis</span> <span class='ocrx_word' id='word_1_201' title='bbox 394 2018 447 2062; x_wconf 80' lang='lat' dir='ltr'>lh</span> <span class='ocrx_word' id='word_1_202' title='bbox 479 2018 619 2073; x_wconf 74' lang='lat' dir='ltr'>(unde</span> <span class='ocrx_word' id='word_1_203' title='bbox 647 2017 712 2061; x_wconf 83' lang='lat' dir='ltr'>sic</span> <span class='ocrx_word' id='word_1_204' title='bbox 734 2021 935 2073; x_wconf 72' lang='lat' dir='ltr'>perqunt</span> <span class='ocrx_word' id='word_1_205' title='bbox 964 2018 1031 2060; x_wconf 81' lang='lat' dir='ltr'>hi:</span> <span class='ocrx_word' id='word_1_206' title='bbox 1063 2016 1233 2060; x_wconf 83' lang='lat' dir='ltr'>faciem</span> <span class='ocrx_word' id='word_1_207' title='bbox 1258 2015 1369 2061; x_wconf 85' lang='lat' dir='ltr'>eius,</span> <span class='ocrx_word' id='word_1_208' title='bbox 1405 2015 1582 2061; x_wconf 76' lang='lat' dir='ltr'>cibabis</span> <span class='ocrx_word' id='word_1_209' title='bbox 1607 2017 1765 2059; x_wconf 82' lang='lat' dir='ltr'>autem</span> <span class='ocrx_word' id='word_1_210' title='bbox 1787 2028 1891 2059; x_wconf 85' lang='lat' dir='ltr'>eam</span> 
     </span>
     <span class='ocr_line' id='line_1_27' title="bbox 202 2075 1889 2133; baseline -0.001 -13"><span class='ocrx_word' id='word_1_211' title='bbox 202 2076 407 2133; x_wconf 83' lang='lat' dir='ltr'>simplici</span> <span class='ocrx_word' id='word_1_212' title='bbox 438 2090 475 2121; x_wconf 88' lang='lat' dir='ltr'>c.</span> <span class='ocrx_word' id='word_1_213' title='bbox 508 2077 620 2133; x_wconf 64' lang='lat' dir='ltr'>etc).</span> <span class='ocrx_word' id='word_1_214' title='bbox 743 2077 791 2119; x_wconf 83' lang='lat' dir='ltr'>et</span> <span class='ocrx_word' id='word_1_215' title='bbox 815 2076 901 2132; x_wconf 80' lang='lat' dir='ltr'>(h):</span> <span class='ocrx_word' id='word_1_216' title='bbox 936 2089 991 2118; x_wconf 83' lang='lat' dir='ltr'>ex</span> <span class='ocrx_word' id='word_1_217' title='bbox 1023 2076 1086 2120; x_wconf 80' lang='lat' dir='ltr'>bl.</span> <span class='ocrx_word' id='word_1_218' title='bbox 1208 2088 1331 2131; x_wconf 80' lang='lat' dir='ltr'>aqua.</span> <span class='ocrx_word' id='word_1_219' title='bbox 1362 2075 1516 2120; x_wconf 80' lang='lat' dir='ltr'>calida.</span> <span class='ocrx_word' id='word_1_220' title='bbox 1548 2075 1658 2132; x_wconf 71' lang='lat'>202).</span> <span class='ocrx_word' id='word_1_221' title='bbox 1783 2079 1808 2118; x_wconf 88' lang='grc'>6</span> <span class='ocrx_word' id='word_1_222' title='bbox 1841 2076 1889 2118; x_wconf 84' lang='lat' dir='ltr'>et</span> 
     </span>
     <span class='ocr_line' id='line_1_28' title="bbox 203 2132 1890 2192; baseline -0.002 -12"><span class='ocrx_word' id='word_1_223' title='bbox 203 2137 302 2180; x_wconf 89' lang='lat' dir='ltr'>ovis</span> <span class='ocrx_word' id='word_1_224' title='bbox 335 2137 350 2179; x_wconf 82' lang='lat' dir='ltr'><em>l</em></span> <span class='ocrx_word' id='word_1_225' title='bbox 383 2136 460 2192; x_wconf 80' lang='lat' dir='ltr'><em>(h).</em></span> <span class='ocrx_word' id='word_1_226' title='bbox 584 2140 639 2178; x_wconf 67' lang='lat' dir='ltr'>ea</span> <span class='ocrx_word' id='word_1_227' title='bbox 669 2134 857 2178; x_wconf 84' lang='lat' dir='ltr'>reficere</span> <span class='ocrx_word' id='word_1_228' title='bbox 882 2134 920 2178; x_wconf 82' lang='lat'>&amp;</span> <span class='ocrx_word' id='word_1_229' title='bbox 953 2135 996 2178; x_wconf 89' lang='lat' dir='ltr'>b:</span> <span class='ocrx_word' id='word_1_230' title='bbox 1031 2135 1069 2178; x_wconf 65' lang='lat' dir='ltr'>Sc</span> <span class='ocrx_word' id='word_1_231' title='bbox 1094 2135 1154 2178; x_wconf 80' lang='lat' dir='ltr'>ad</span> <span class='ocrx_word' id='word_1_232' title='bbox 1185 2135 1392 2179; x_wconf 75' lang='lat' dir='ltr'>bibendsi</span> <span class='ocrx_word' id='word_1_233' title='bbox 1426 2136 1442 2179; x_wconf 83' lang='lat' dir='ltr'><em>l</em></span> <span class='ocrx_word' id='word_1_234' title='bbox 1474 2135 1541 2191; x_wconf 83' lang='lat' dir='ltr'>(et</span> <span class='ocrx_word' id='word_1_235' title='bbox 1571 2132 1890 2178; x_wconf 82' lang='lat' dir='ltr'>adhibendum</span> 
     </span>
     <span class='ocr_line' id='line_1_29' title="bbox 201 2192 1889 2252; baseline -0.001 -14"><span class='ocrx_word' id='word_1_236' title='bbox 201 2195 262 2252; x_wconf 81' lang='lat' dir='ltr'>h).</span> <span class='ocrx_word' id='word_1_237' title='bbox 385 2208 510 2250; x_wconf 84' lang='lat' dir='ltr'>aqua</span> <span class='ocrx_word' id='word_1_238' title='bbox 541 2193 694 2238; x_wconf 84' lang='lat' dir='ltr'>calida</span> <span class='ocrx_word' id='word_1_239' title='bbox 726 2195 825 2250; x_wconf 81' lang='lat' dir='ltr'>(sic,</span> <span class='ocrx_word' id='word_1_240' title='bbox 855 2199 908 2238; x_wconf 72' lang='lat' dir='ltr'>ut</span> <span class='ocrx_word' id='word_1_241' title='bbox 937 2196 1083 2251; x_wconf 76' lang='lat' dir='ltr'>saepe)</span> <span class='ocrx_word' id='word_1_242' title='bbox 1119 2195 1266 2251; x_wconf 57' lang='lat' dir='ltr'>bloi).</span> <span class='ocrx_word' id='word_1_243' title='bbox 1391 2198 1416 2238; x_wconf 80' lang='lat'><strong>7</strong></span> <span class='ocrx_word' id='word_1_244' title='bbox 1450 2192 1649 2251; x_wconf 84' lang='lat' dir='ltr'>septimo</span> <span class='ocrx_word' id='word_1_245' title='bbox 1675 2193 1758 2237; x_wconf 81' lang='lat' dir='ltr'>bh:</span> <span class='ocrx_word' id='word_1_246' title='bbox 1793 2206 1889 2236; x_wconf 84' lang='lat' dir='ltr'>-ma</span> 
     </span>
     <span class='ocr_line' id='line_1_30' title="bbox 202 2250 1888 2310; baseline -0.002 -12"><span class='ocrx_word' id='word_1_247' title='bbox 202 2253 219 2297; x_wconf 81' lang='lat' dir='ltr'>l</span> <span class='ocrx_word' id='word_1_248' title='bbox 268 2254 434 2310; x_wconf 79' lang='lat' dir='ltr'>(‘post</span> <span class='ocrx_word' id='word_1_249' title='bbox 463 2254 578 2297; x_wconf 90' lang='lat' dir='ltr'>duos</span> <span class='ocrx_word' id='word_1_250' title='bbox 611 2255 770 2297; x_wconf 82' lang='lat' dir='ltr'>autem</span> <span class='ocrx_word' id='word_1_251' title='bbox 802 2252 1016 2296; x_wconf 74' lang='lat' dir='ltr'>diatritos</span> <span class='ocrx_word' id='word_1_252' title='bbox 1047 2252 1097 2296; x_wconf 89' lang='lat' dir='ltr'>id</span> <span class='ocrx_word' id='word_1_253' title='bbox 1130 2255 1201 2297; x_wconf 85' lang='lat' dir='ltr'>est</span> <span class='ocrx_word' id='word_1_254' title='bbox 1232 2253 1363 2297; x_wconf 81' lang='lat' dir='ltr'>sexta</span> <span class='ocrx_word' id='word_1_255' title='bbox 1394 2253 1496 2297; x_wconf 85' lang='lat' dir='ltr'>die’</span> <span class='ocrx_word' id='word_1_256' title='bbox 1547 2253 1641 2298; x_wconf 82' lang='lat' dir='ltr'>cod.</span> <span class='ocrx_word' id='word_1_257' title='bbox 1675 2250 1822 2296; x_wconf 76' lang='lat' dir='ltr'>Laur.</span> <span class='ocrx_word' id='word_1_258' title='bbox 1854 2251 1888 2306; x_wconf 82' lang='lat' dir='ltr'>f.</span> 
     </span>
     <span class='ocr_line' id='line_1_31' title="bbox 204 2310 1888 2370; baseline -0.001 -14"><span class='ocrx_word' id='word_1_259' title='bbox 204 2311 354 2369; x_wconf 62' lang='lat'>15512).</span> <span class='ocrx_word' id='word_1_260' title='bbox 499 2310 710 2368; x_wconf 88' lang='lat' dir='ltr'>querillis</span> <span class='ocrx_word' id='word_1_261' title='bbox 742 2313 782 2366; x_wconf 89' lang='lat' dir='ltr'>b,</span> <span class='ocrx_word' id='word_1_262' title='bbox 816 2311 1032 2370; x_wconf 62' lang='lat' dir='ltr'>querellis</span> <span class='ocrx_word' id='word_1_263' title='bbox 1067 2314 1082 2356; x_wconf 85' lang='lat' dir='ltr'><em>l</em></span> <span class='ocrx_word' id='word_1_264' title='bbox 1113 2313 1332 2368; x_wconf 84' lang='lat' dir='ltr'>(querelis</span> <span class='ocrx_word' id='word_1_265' title='bbox 1363 2314 1424 2369; x_wconf 83' lang='lat' dir='ltr'>h).</span> <span class='ocrx_word' id='word_1_266' title='bbox 1569 2316 1596 2355; x_wconf 88' lang='lat'>8</span> <span class='ocrx_word' id='word_1_267' title='bbox 1628 2312 1888 2368; x_wconf 71' lang='lat' dir='ltr'>temperato</span> 
     </span>
     <span class='ocr_line' id='line_1_32' title="bbox 204 2370 1888 2428; baseline 0 -13"><span class='ocrx_word' id='word_1_268' title='bbox 204 2370 339 2416; x_wconf 83' lang='lat' dir='ltr'>dabis</span> <span class='ocrx_word' id='word_1_269' title='bbox 372 2371 416 2416; x_wconf 88' lang='lat' dir='ltr'>ei</span> <span class='ocrx_word' id='word_1_270' title='bbox 448 2373 513 2415; x_wconf 80' lang='lat' dir='ltr'>lh.</span> <span class='ocrx_word' id='word_1_271' title='bbox 690 2376 744 2415; x_wconf 89' lang='lat'>10</span> <span class='ocrx_word' id='word_1_272' title='bbox 775 2371 848 2414; x_wconf 80' lang='lat' dir='ltr'>hic</span> <span class='ocrx_word' id='word_1_273' title='bbox 878 2372 1047 2415; x_wconf 75' lang='lat' dir='ltr'>excidit</span> <span class='ocrx_word' id='word_1_274' title='bbox 1077 2385 1175 2415; x_wconf 75' lang='lat' dir='ltr'>una</span> <span class='ocrx_word' id='word_1_275' title='bbox 1205 2372 1420 2428; x_wconf 69' lang='lat' dir='ltr'>interroy.</span> <span class='ocrx_word' id='word_1_276' title='bbox 1454 2372 1530 2428; x_wconf 76' lang='lat' dir='ltr'>(cf.</span> <span class='ocrx_word' id='word_1_277' title='bbox 1562 2384 1649 2415; x_wconf 77' lang='lat' dir='ltr'>rec.</span> <span class='ocrx_word' id='word_1_278' title='bbox 1682 2371 1760 2414; x_wconf 79' lang='lat' dir='ltr'>alt.</span> <span class='ocrx_word' id='word_1_279' title='bbox 1793 2370 1888 2415; x_wconf 84' lang='lat' dir='ltr'>eod.</span> 
     </span>
     <span class='ocr_line' id='line_1_33' title="bbox 203 2429 1891 2486; baseline -0.001 -12"><span class='ocrx_word' id='word_1_280' title='bbox 203 2431 349 2475; x_wconf 79' lang='lat' dir='ltr'>Laur.</span> <span class='ocrx_word' id='word_1_281' title='bbox 390 2431 425 2485; x_wconf 82' lang='lat' dir='ltr'>f.</span> <span class='ocrx_word' id='word_1_282' title='bbox 457 2429 594 2474; x_wconf 70' lang='lat'><strong><em>1551‘:</em></strong></span> <span class='ocrx_word' id='word_1_283' title='bbox 652 2430 779 2484; x_wconf 80' lang='lat' dir='ltr'>Quae</span> <span class='ocrx_word' id='word_1_284' title='bbox 819 2429 1086 2486; x_wconf 78' lang='lat' dir='ltr'>adhibenda</span> <span class='ocrx_word' id='word_1_285' title='bbox 1127 2433 1236 2474; x_wconf 83' lang='lat' dir='ltr'>sunt</span> <span class='ocrx_word' id='word_1_286' title='bbox 1273 2432 1326 2474; x_wconf 81' lang='lat' dir='ltr'>ut</span> <span class='ocrx_word' id='word_1_287' title='bbox 1364 2433 1604 2475; x_wconf 83' lang='lat' dir='ltr'>menstrua</span> <span class='ocrx_word' id='word_1_288' title='bbox 1635 2430 1891 2486; x_wconf 79' lang='lat' dir='ltr'>purgentur</span> 
     </span>
     <span class='ocr_line' id='line_1_34' title="bbox 203 2488 1813 2546; baseline -0.002 -12"><span class='ocrx_word' id='word_1_289' title='bbox 203 2491 314 2546; x_wconf 63' lang='lat' dir='ltr'>eta).</span> <span class='ocrx_word' id='word_1_290' title='bbox 455 2494 508 2533; x_wconf 83' lang='lat'>12</span> <span class='ocrx_word' id='word_1_291' title='bbox 539 2488 829 2546; x_wconf 85' lang='lat' dir='ltr'>plurim(um)</span> <span class='ocrx_word' id='word_1_292' title='bbox 863 2490 911 2533; x_wconf 87' lang='lat' dir='ltr'>b:</span> <span class='ocrx_word' id='word_1_293' title='bbox 945 2503 1066 2533; x_wconf 89' lang='lat' dir='ltr'>-mus</span> <span class='ocrx_word' id='word_1_294' title='bbox 1099 2490 1201 2545; x_wconf 65' lang='grc' dir='ltr'>ἴθι).</span> <span class='ocrx_word' id='word_1_295' title='bbox 1323 2490 1473 2546; x_wconf 87' lang='lat' dir='ltr'>primo</span> <span class='ocrx_word' id='word_1_296' title='bbox 1507 2491 1594 2534; x_wconf 85' lang='lat' dir='ltr'>bh:</span> <span class='ocrx_word' id='word_1_297' title='bbox 1626 2488 1753 2545; x_wconf 86' lang='lat' dir='ltr'>prius</span> <span class='ocrx_word' id='word_1_298' title='bbox 1785 2489 1813 2532; x_wconf 85' lang='lat' dir='ltr'>l.</span> 
     </span>
     <span class='ocr_line' id='line_1_35' title="bbox 205 2547 1891 2606; baseline -0.001 -14"><span class='ocrx_word' id='word_1_299' title='bbox 205 2553 260 2592; x_wconf 87' lang='lat'>13</span> <span class='ocrx_word' id='word_1_300' title='bbox 307 2547 569 2593; x_wconf 80' lang='lat' dir='ltr'>feculentus</span> <span class='ocrx_word' id='word_1_301' title='bbox 609 2549 720 2603; x_wconf 81' lang='lat' dir='ltr'>blh,</span> <span class='ocrx_word' id='word_1_302' title='bbox 774 2547 992 2592; x_wconf 78' lang='lat' dir='ltr'>facilibus</span> <span class='ocrx_word' id='word_1_303' title='bbox 1039 2549 1087 2604; x_wconf 89' lang='lat' dir='ltr'>(i.</span> <span class='ocrx_word' id='word_1_304' title='bbox 1120 2562 1155 2593; x_wconf 84' lang='lat' dir='ltr'>e.</span> <span class='ocrx_word' id='word_1_305' title='bbox 1187 2548 1411 2606; x_wconf 83' lang='lat' dir='ltr'>faecibus)</span> <span class='ocrx_word' id='word_1_306' title='bbox 1446 2548 1611 2593; x_wconf 87' lang='lat' dir='ltr'>similis</span> <span class='ocrx_word' id='word_1_307' title='bbox 1643 2549 1723 2592; x_wconf 81' lang='lat' dir='ltr'>alt.</span> <span class='ocrx_word' id='word_1_308' title='bbox 1756 2558 1842 2592; x_wconf 74' lang='lat' dir='ltr'>rec.</span> <span class='ocrx_word' id='word_1_309' title='bbox 1875 2548 1891 2591; x_wconf 84' lang='lat' dir='ltr'><em>l</em></span> 
     </span>
     <span class='ocr_line' id='line_1_36' title="bbox 202 2606 1892 2665; baseline -0.001 -13"><span class='ocrx_word' id='word_1_310' title='bbox 202 2609 235 2662; x_wconf 81' lang='lat' dir='ltr'>f.</span> <span class='ocrx_word' id='word_1_311' title='bbox 268 2607 398 2652; x_wconf 58' lang='lat'>155¹).</span> <span class='ocrx_word' id='word_1_312' title='bbox 552 2612 607 2651; x_wconf 86' lang='lat'>14</span> <span class='ocrx_word' id='word_1_313' title='bbox 643 2608 718 2653; x_wconf 79' lang='lat' dir='ltr'>hic</span> <span class='ocrx_word' id='word_1_314' title='bbox 756 2620 876 2652; x_wconf 72' lang='lat' dir='ltr'>nova</span> <span class='ocrx_word' id='word_1_315' title='bbox 905 2608 1071 2663; x_wconf 73' lang='lat' dir='ltr'>incipit</span> <span class='ocrx_word' id='word_1_316' title='bbox 1101 2609 1315 2662; x_wconf 64' lang='lat' dir='ltr'>interi-09.</span> <span class='ocrx_word' id='word_1_317' title='bbox 1349 2609 1424 2665; x_wconf 83' lang='lat' dir='ltr'>(cf.</span> <span class='ocrx_word' id='word_1_318' title='bbox 1458 2609 1553 2653; x_wconf 84' lang='lat' dir='ltr'>cod.</span> <span class='ocrx_word' id='word_1_319' title='bbox 1585 2607 1772 2663; x_wconf 54' lang='lat' dir='ltr'>Laium),</span> <span class='ocrx_word' id='word_1_320' title='bbox 1815 2606 1892 2651; x_wconf 79' lang='lat' dir='ltr'>sed</span> 
     </span>
     <span class='ocr_line' id='line_1_37' title="bbox 202 2666 1872 2723; baseline -0.001 -12"><span class='ocrx_word' id='word_1_321' title='bbox 202 2668 432 2723; x_wconf 75' lang='lat' dir='ltr'>superiori</span> <span class='ocrx_word' id='word_1_322' title='bbox 462 2667 641 2712; x_wconf 78' lang='lat' dir='ltr'>addunt</span> <span class='ocrx_word' id='word_1_323' title='bbox 672 2667 743 2710; x_wconf 84' lang='lat' dir='ltr'>bl:</span> <span class='ocrx_word' id='word_1_324' title='bbox 786 2666 824 2709; x_wconf 79' lang='lat'>&amp;</span> <span class='ocrx_word' id='word_1_325' title='bbox 856 2666 912 2710; x_wconf 86' lang='lat' dir='ltr'>de</span> <span class='ocrx_word' id='word_1_326' title='bbox 946 2680 983 2710; x_wconf 84' lang='lat' dir='ltr'>e.</span> <span class='ocrx_word' id='word_1_327' title='bbox 1017 2666 1129 2723; x_wconf 84' lang='lat' dir='ltr'>(Sed</span> <span class='ocrx_word' id='word_1_328' title='bbox 1161 2666 1217 2710; x_wconf 91' lang='lat' dir='ltr'>de</span> <span class='ocrx_word' id='word_1_329' title='bbox 1248 2667 1307 2722; x_wconf 77' lang='lat' dir='ltr'>h).</span> <span class='ocrx_word' id='word_1_330' title='bbox 1433 2672 1486 2711; x_wconf 84' lang='grc'>17</span> <span class='ocrx_word' id='word_1_331' title='bbox 1521 2667 1587 2711; x_wconf 86' lang='lat' dir='ltr'>sic</span> <span class='ocrx_word' id='word_1_332' title='bbox 1620 2667 1744 2722; x_wconf 75' lang='lat' dir='ltr'>(ante</span> <span class='ocrx_word' id='word_1_333' title='bbox 1767 2679 1872 2710; x_wconf 84' lang='lat' dir='ltr'>cera</span> 
     </span>
     <span class='ocr_line' id='line_1_38' title="bbox 204 2725 1888 2780; baseline -0.001 -10"><span class='ocrx_word' id='word_1_334' title='bbox 204 2727 309 2770; x_wconf 83' lang='lat' dir='ltr'>add.</span> <span class='ocrx_word' id='word_1_335' title='bbox 336 2727 402 2770; x_wconf 78' lang='lat' dir='ltr'>lh.</span> <span class='ocrx_word' id='word_1_336' title='bbox 521 2739 655 2769; x_wconf 89' lang='lat' dir='ltr'>roseo</span> <span class='ocrx_word' id='word_1_337' title='bbox 689 2726 765 2770; x_wconf 82' lang='lat' dir='ltr'>bl:</span> <span class='ocrx_word' id='word_1_338' title='bbox 795 2739 985 2770; x_wconf 84' lang='lat' dir='ltr'>rosaceo</span> <span class='ocrx_word' id='word_1_339' title='bbox 1017 2727 1058 2770; x_wconf 78' lang='lat' dir='ltr'>h.</span> <span class='ocrx_word' id='word_1_340' title='bbox 1177 2731 1230 2770; x_wconf 88' lang='lat'>18</span> <span class='ocrx_word' id='word_1_341' title='bbox 1264 2725 1389 2768; x_wconf 63' lang='lat' dir='ltr'>alut-fi</span> <span class='ocrx_word' id='word_1_342' title='bbox 1420 2725 1618 2771; x_wconf 87' lang='lat' dir='ltr'>rotundo</span> <span class='ocrx_word' id='word_1_343' title='bbox 1653 2725 1754 2780; x_wconf 76' lang='lat' dir='ltr'>(-d1‘1</span> <span class='ocrx_word' id='word_1_344' title='bbox 1770 2725 1803 2780; x_wconf 83' lang='lat' dir='ltr'>l)</span> <span class='ocrx_word' id='word_1_345' title='bbox 1823 2725 1849 2768; x_wconf 92' lang='lat' dir='ltr'>b</span> <span class='ocrx_word' id='word_1_346' title='bbox 1879 2758 1888 2769; x_wconf 89' lang='lat'><strong>.</strong></span> 
     </span>
     <span class='ocr_line' id='line_1_39' title="bbox 263 2783 1887 2843; baseline -0.001 -14"><span class='ocrx_word' id='word_1_347' title='bbox 263 2789 320 2829; x_wconf 82' lang='lat'>20</span> <span class='ocrx_word' id='word_1_348' title='bbox 352 2785 412 2828; x_wconf 87' lang='lat' dir='ltr'>ad</span> <span class='ocrx_word' id='word_1_349' title='bbox 442 2785 665 2843; x_wconf 49' lang='lat' dir='ltr'>mamille,</span> <span class='ocrx_word' id='word_1_350' title='bbox 683 2784 971 2829; x_wconf 78' lang='lat' dir='ltr'>confluxione</span> <span class='ocrx_word' id='word_1_351' title='bbox 998 2786 1090 2841; x_wconf 69' lang='lat' dir='ltr'>(me</span> <span class='ocrx_word' id='word_1_352' title='bbox 1108 2786 1141 2841; x_wconf 85' lang='lat' dir='ltr'>Z)</span> <span class='ocrx_word' id='word_1_353' title='bbox 1162 2786 1213 2829; x_wconf 83' lang='lat' dir='ltr'>bl</span> <span class='ocrx_word' id='word_1_354' title='bbox 1239 2786 1449 2842; x_wconf 52' lang='lat' dir='ltr'>(coruli).</span> <span class='ocrx_word' id='word_1_355' title='bbox 1543 2799 1648 2829; x_wconf 83' lang='lat' dir='ltr'>cum</span> <span class='ocrx_word' id='word_1_356' title='bbox 1677 2783 1887 2828; x_wconf 80' lang='lat' dir='ltr'>tensione</span> 
     </span>
     <span class='ocr_line' id='line_1_40' title="bbox 205 2841 1890 2901; baseline -0.001 -13"><span class='ocrx_word' id='word_1_357' title='bbox 205 2844 278 2888; x_wconf 76' lang='lat' dir='ltr'>lh:</span> <span class='ocrx_word' id='word_1_358' title='bbox 311 2858 394 2891; x_wconf 86' lang='lat' dir='ltr'>om.</span> <span class='ocrx_word' id='word_1_359' title='bbox 428 2845 467 2889; x_wconf 87' lang='lat' dir='ltr'>b.</span> <span class='ocrx_word' id='word_1_360' title='bbox 589 2843 830 2901; x_wconf 82' lang='lat' dir='ltr'>gravidine</span> <span class='ocrx_word' id='word_1_361' title='bbox 863 2845 928 2888; x_wconf 84' lang='lat' dir='ltr'>bl.</span> <span class='ocrx_word' id='word_1_362' title='bbox 1065 2849 1122 2888; x_wconf 81' lang='lat'>21</span> <span class='ocrx_word' id='word_1_363' title='bbox 1155 2843 1314 2888; x_wconf 83' lang='lat' dir='ltr'>dolore</span> <span class='ocrx_word' id='word_1_364' title='bbox 1347 2844 1490 2888; x_wconf 77' lang='lat' dir='ltr'>etiam</span> <span class='ocrx_word' id='word_1_365' title='bbox 1523 2845 1570 2888; x_wconf 86' lang='lat' dir='ltr'>b:</span> <span class='ocrx_word' id='word_1_366' title='bbox 1604 2845 1651 2887; x_wconf 86' lang='lat' dir='ltr'>et</span> <span class='ocrx_word' id='word_1_367' title='bbox 1682 2841 1840 2887; x_wconf 82' lang='lat' dir='ltr'>dolore</span> <span class='ocrx_word' id='word_1_368' title='bbox 1874 2843 1890 2887; x_wconf 85' lang='lat' dir='ltr'><em>l</em></span> 
     </span>
    </p>
   </div>
  </div>
 </body>
</html>
