2014 3162
866 74 1268 128 —216—

335 208 599 276 παρέπεται
632 207 684 260 δὲ
714 215 818 270 ταῖς
849 208 902 260 ἐν
933 211 998 278 τῷ
1027 204 1244 273 πτώματι
1273 204 1628 275 τυγχανούσαις
1659 204 1914 275 ἀνατροπὴ

224 287 468 357 στομάχου
521 287 630 356 ἤτοι
682 286 869 351 πλάδος
921 290 1095 340 ναυτία
1149 307 1196 338 τε
1249 286 1331 338 καὶ
1383 283 1609 354 ἀνορεξία
1658 287 1774 340 ποτὲ
1824 287 1914 354 μὲν

225 367 349 437 πρὸς
387 366 547 422 πάντα
594 368 708 421 ποτὲ
748 368 801 420 δὲ
840 366 964 435 πρός
1001 388 1134 431 τινα,
1188 367 1270 418 καὶ
1307 371 1405 418 τῶν
1443 364 1720 434 ἀσυνήθων
1756 365 1915 436 ὄρεξις

224 447 332 503 οἷον
377 455 468 518 γῆς
514 447 786 517 ἀνθράκων
833 449 1006 500 ἑλίκων
1045 445 1264 515 ἀμπέλου
1301 447 1384 499 καὶ
1423 444 1620 516 ὀπώρας
1658 445 1825 516 ἀώρου
1862 467 1912 502 τε

179 552 200 585 5
225 532 305 583 καὶ
346 529 578 594 ὀξώδους.
655 531 808 592 ἐνίαις
856 529 909 581 δὲ
957 529 1038 580 καὶ
1085 529 1248 595 ἔμετος
1286 528 1339 580 ἐκ
1379 524 1719 595 διαστημάτων
1756 526 1789 595 ἢ
1828 529 1914 582 καὶ

221 610 343 664 κατὰ
383 617 548 663 πᾶσαν
585 608 895 678 προσφοράν,
942 610 1024 661 καὶ
1071 607 1225 677 βάρος
1263 609 1346 660 καὶ
1385 607 1669 676 σκοτώματα
1706 610 1788 661 καὶ
1826 607 1911 662 ἀλ-

221 691 413 761 γήματα
451 697 667 758 κεφαλῆς
705 686 950 759 ἀπόρροιά
986 711 1035 742 τε
1082 691 1164 742 καὶ
1204 687 1352 757 ὠμῶν
1390 694 1559 758 χυμῶν
1597 695 1791 757 πλῆθος
1829 691 1917 742 καὶ

222 770 436 841 ώχρότης
474 773 556 824 καὶ
595 770 805 840 ἀτροφία
843 772 925 823 καὶ
963 773 1148 833 κοιλίας
1194 773 1413 838 σκληρία,
1453 771 1546 822 τισὶ
1586 770 1639 823 δὲ
1685 772 1767 823 καὶ
1800 770 1910 824 διά-

221 870 354 916 τασις
393 851 655 921 στομάχου,
709 851 941 921 θώρακος
993 850 1201 921 ἄλγημα.
1277 857 1375 904 τῶν
1421 849 1584 904 αὐτῶν
1631 853 1784 905 ε’νίοτε
1830 852 1915 905 καὶ

155 956 199 987 10
221 935 424 1001 πυρέτια
479 931 624 986 λεπτὰ
671 934 753 986 καὶ
800 938 994 1001 μαστῶν
1042 930 1420 1002 ἕπιδιογκώσεις.
1491 931 1551 998 ,τὸ
1608 931 1661 985 δὲ
1715 933 1910 1001 ἔπαρμα

221 1019 318 1066 τῶν
357 1013 566 1084 ἀγγείων
605 1015 697 1067 τισὶ
737 1014 825 1082 μὲν
863 1017 1099 1081 πρασίζον
1129 1036 1172 1066 τι
1210 1014 1303 1065 τισὶ
1342 1013 1396 1066 δὲ
1434 1012 1681 1066 πελιδνόν.
1759 1015 1914 1077 ἐνίαις

223 1095 276 1147 δὲ
315 1096 395 1146 καὶ
435 1093 671 1163 ἀνάχυσις
709 1092 1007 1162 ἰκτεριώδης.

335 1181 419 1228 49.
467 1182 551 1243 τῆς
582 1172 781 1244 πρώτης
812 1178 905 1229 οὖν
938 1173 1312 1242 συναισθησεως
1344 1176 1610 1243 γενομένης
1640 1173 1764 1243 πρὸς
1795 1179 1915 1244 μίαν

220 1253 406 1324 ἡμέραν
446 1255 688 1324 συστολὴν
726 1255 1147 1324 παραλαμβάνειν,
1197 1276 1338 1308 ενεκα
1384 1261 1470 1308 τοῦ
1511 1253 1575 1323 μὴ
1616 1254 1912 1324 κινούμενον

157 1359 199 1391 15
221 1335 306 1390 τὸν
345 1335 586 1405 στόμαχον
619 1335 744 1406 πρὸς
773 1335 826 1391 τὸ
859 1335 980 1390 κατὰ
1012 1334 1168 1404 φύσιν
1200 1335 1281 1388 διὰ
1313 1341 1398 1404 τῆς
1428 1333 1633 1405 ἠρεμίας
1665 1334 1915 1407 ἀτάραχον

221 1423 564 1486 φυλαχθῆναι,
620 1418 775 1486 μηδὲν
819 1415 1184 1486 εὐλαβούμενον
1242 1414 1308 1480 ὦς
1363 1419 1416 1470 οἵ
1463 1418 1634 1470 πολλοὶ
1686 1418 1913 1486 λέγουσιν

219 1497 292 1551 ὅτι
343 1499 487 1550 δυσὶν
537 1496 678 1571 ζώοις
729 1497 853 1566 ’ὅσην
901 1498 1081 1567 δήποτε
1129 1501 1211 1550 δεῖ
1250 1504 1552 1564 παραθεῖναι
1597 1497 1802 1566 τροφήν.
1878 1496 1913 1567 ἡ
1976 1490 1978 1492 V

219 1578 312 1648 γὰρ
360 1577 450 1632 οὐκ
498 1580 780 1646 ἐπιτηδείως
826 1585 891 1651 τῷ
939 1578 1123 1647 σώματι
1171 1579 1404 1646 διδομένη
1450 1576 1609 1646 τροφὴ
1658 1583 1913 1647 φθείρεται

220 1660 303 1710 καὶ
343 1657 402 1712 οὐ
443 1657 597 1726 μόνον
636 1657 696 1712 οὗ
735 1659 899 1726 τρέφει
938 1658 1057 1711 ἀλλὰ
1096 1667 1374 1728 προσκακοῖ
1404 1658 1631 1728 καθάπερ
1669 1659 1727 1712 τὰ
1759 1662 1911 1713 τέλεια

154 1763 200 1795 20
221 1744 318 1791 τῶν
372 1737 611 1807 σωμάτων
665 1737 820 1802 οὕτως
874 1741 956 1792 καὶ
1007 1739 1065 1792 τὰ
1105 1746 1324 1810 νεοπαγῆ
1380 1740 1637 1809 σπέρματα.
1741 1740 1913 1812 διόπερ

221 1817 450 1872 ἀνατάσει
489 1819 734 1888 χρηστέον.
789 1821 873 1872 καὶ
911 1818 1003 1890 γὰρ
1043 1823 1094 1873 οἱ
1120 1821 1345 1884 πλέοντες
1378 1827 1584 1892 συστολῆ
1616 1821 1913 1922 χρησάμενοι

220 1898 315 1968 πρὸ
364 1906 478 1967 μιᾶς
523 1897 705 1968 ἡμέρας
751 1898 840 1968 τὴν
879 1904 1085 1954 ναυτίαν
1125 1900 1215 1970 οὐχ
1255 1900 1589 1994 ὑπομένουσιν
1626 1899 1658 1970 ἢ
1700 1924 1793 1956 ουκ
1831 1904 1913 1956 ἐπὶ·

219 1986 465 2034 τοσοῦτον.

332 2067 389 2133 τῇ
441 2061 495 2113 δὲ
547 2062 657 2129 ἑξῆς
705 2060 860 2134 ἡμέρα
908 2061 1000 2116 σὺν
1046 2062 1297 2132 ἀλείμματι
1336 2063 1425 2132 μὲν
1463 2061 1913 2132 ἀποθεραπευτέον,

155 2165 200 2199 25
221 2141 414 2211 τροφὴν
462 2143 516 2195 δὲ
565 2143 736 2197 δοτέον
774 2142 944 2213 ὀλίγην
983 2142 1379 2215 εὖκατέργαστον,
1434 2142 1542 2199 οἷον
1583 2142 1683 2217 ᾠὸν
1721 2141 1913 2198 ἁπαλὸν

344 2278 367 2315 1
400 2267 587 2329 πώματι
620 2273 720 2330 (sic)
754 2287 778 2318 c
811 2275 945 2330 (corr.
980 2275 1040 2331 d).
1208 2278 1234 2318 2
1266 2276 1374 2331 post
1404 2271 1627 2331 ἀνορεξία
1658 2276 1915 2330 sequuntur

220 2329 365 2374 verba.
404 2332 629 2376 nonnulla.
660 2346 716 2376 ex
747 2333 885 2378 Aetio
917 2333 1052 2378 illata
1083 2347 1127 2389 p.
1161 2337 1233 2389 49,
1259 2338 1341 2378 9-
1350 2332 1476 2378 10D
1509 2335 1671 2390 (usque
1703 2332 1763 2378 ad
1793 2333 1910 2377 alte-

221 2402 325 2432 rum
356 2384 610 2447 ἀνορεξιᾝα)
654 2390 958 2436 cf.1at.eam
989 2393 1318 2463 inaequalitate
1347 2394 1565 2437 stomachi
1595 2396 1637 2436 et
1667 2392 1909 2464 abundari-

221 2448 291 2492 tia
320 2448 558 2493 humorum
589 2454 630 2494 et
659 2452 842 2496 nausia.
1002 2457 1028 2496 3
1062 2447 1318 2507 ἀσυνήθως
1349 2465 1372 2495 c
1405 2453 1536 2507 (corr.
1570 2450 1630 2507 d).
1753 2456 1780 2495 4
1814 2446 1910 2495 ἀώ·

221 2521 333 2562 ρους
371 2522 419 2551 τε
463 2519 486 2549 ο
520 2508 652 2562 (corr.
685 2509 757 2565 D)
820 2511 930 2580 post
961 2506 1166 2563 ὀξώὸους
1197 2509 1332 2554 omisi
1363 2509 1644 2566 δυσχροοῦσι
1667 2534 1724 2542 -
1749 2510 1909 2553 σιτίων

219 2579 264 2622 Ρ.
298 2569 370 2620 49,
398 2570 572 2609 13-14
604 2580 641 2610 0.
795 2573 822 2612 5
865 2562 892 2623 ἢ
926 2569 1005 2612 καὶ
1038 2568 1114 2613 hic
1146 2582 1235 2614 om.
1270 2582 1294 2612 c
1329 2569 1426 2625 (qui
1457 2583 1565 2614 mox
1596 2568 1740 2613 habet,
1769 2584 1843 2625 πρ.
1877 2563 1909 2624 ἢ

218 2622 302 2668 καὶ
333 2600 507 2681 β’άρος).
643 2631 667 2669 7
701 2621 878 2696 ἀπορία
908 2643 958 2670 τε
992 2641 1028 2672 c.
1152 2632 1178 2672 8
1211 2624 1425 2678 διάτασις
1457 2627 1557 2684 (sic)
1590 2641 1636 2672 c.
1669 2623 1911 2677 διάστασις

419 2688 472 2727 11
515 2684 621 2740 post
651 2681 874 2729 πελιδνόν
907 2699 1002 2742 seq.
1036 2685 1236 2730 Aetiana
1267 2700 1312 2742 p.
1345 2692 1416 2741 49,
1441 2691 1551 2730 22-
1562 2691 1633 2741 50,
1659 2690 1700 2730 6.
1851 2690 1907 2730 21

218 2737 478 2786 ἀναστάσει
510 2756 534 2787 c
567 2744 698 2798 (corr.
730 2743 801 2800 E).
924 2749 982 2788 24
1013 2722 1454 2801 ἀποθεραπευταῐοι
1486 2746 1588 2802 (eie)
1622 2759 1645 2789 0
1678 2746 1810 2801 (corr.
1836 2744 1907 2802 E).
1972 2743 1980 2746 ⁷

280 2804 336 2845 25
369 2796 587 2858 ἀκατεργ.
621 2815 644 2845 c
678 2804 809 2858 (corr.
841 2801 914 2860 D).
