2014 3162
879 129 1271 183 -296—

687 281 878 360 XLVII
918 307 1066 374 Περὶ
1107 302 1467 372 σειριᾶσεως.

350 429 470 479 124.
538 423 832 493 Σειριᾶσεως
883 424 938 476 δὲ
982 424 1273 492 γενομένης,
1325 420 1430 490 ἥτις
1478 420 1545 486 ὥς
1583 423 1672 492 μὲν
1722 422 1930 491 Δημή·

233 527 393 574 τριος
446 506 501 558 ἐν
553 510 619 576 τῷ
658 508 961 575 σημειωτικῷ
1013 506 1383 570 παραδίδωσιν,
1437 502 1588 558 οὐδὲν
1632 503 1758 558 ἄλλο
1791 502 1925 572 πλὴν

233 585 497 653 καυσώδης
534 586 633 638 ἐστὶ
670 583 899 653 πυρετός,
940 581 1007 647 ὥς
1039 583 1092 636 δὲ
1141 585 1300 637 ἔνιοί
1335 602 1482 652 φασι,
1536 582 1786 654 φλεγμονὴ
1824 589 1924 638 τῶν

190 687 210 719 5
234 668 344 734 περὶ
381 665 467 720 τὸν
505 666 778 735 ἐγκέφαλον
815 667 899 718 καὶ
935 663 1021 729 τὰς
1057 664 1294 734 μήνιγγας
1325 671 1487 734 μερῶν
1519 661 1639 718 ὥστε
1669 663 1926 733 κοιλότητα

233 754 320 801 τοῦ
381 747 649 816 βρέγματος
708 747 791 798 καὶ
851 752 949 799 τῶν
1016 744 1295 814 ὀφθαλμῶν
1357 753 1758 815 παρακολουθεῖν
1817 744 1918 814 μετ’

235 827 510 897 ὥχριοὶσεως
548 829 632 880 καὶ
655 830 889 897 ξηρασίας
919 833 1005 881 τοῦ
1038 826 1259 901 σώματος
1281 829 1365 880 καὶ
1395 826 1663 897 ἇνορεξίας,
1704 825 1770 891 ῶς
1799 825 1927 896 πρὸς

234 908 520 979 φλεγμονὴν
564 908 726 962 πάντα
776 911 856 962 δεῖ
886 915 1061 963 ποιεῖν.
1139 913 1322 976 σείριον
1360 909 1415 961 δὲ
1451 907 1504 962 τὸ
1543 907 1710 972 πάθος
1748 911 1800 961 οἷ
1834 908 1928 976 μὲν

233 988 333 1043 ἀπὸ
370 996 458 1043 τοῦ
497 989 679 1057 ἄστρου
719 988 801 1043 διὰ
840 988 931 1057 τὴν
967 989 1209 1058 πύρωσιν,
1249 993 1300 1043 οἵ
1334 989 1389 1042 δὲ
1420 987 1520 1043 ἀπὸ
1551 995 1636 1057 τῆς
1666 994 1752 1042 τοῦ
1781 990 1923 1059 βρέγ-

169 1091 211 1124 10
235 1092 383 1138 ματος
413 1069 704 1138 κοιλότητος,
741 1069 814 1123 ὅτι
845 1069 980 1139 σιρὸς
1010 1071 1143 1140 παρὰ
1173 1078 1276 1135 τοῖς
1305 1078 1539 1140 γεωργοῖς
1569 1071 1753 1140 λέγεται
1784 1076 1926 1138 σῶμα

232 1158 419 1219 κοῖλον,
457 1155 525 1215 εἷς
563 1148 591 1205 ὃ
629 1149 687 1203 τὰ
727 1152 974 1219 σπέρματα
1011 1150 1243 1220 βαλόντες
1282 1150 1623 1218 φυλάττουσιν.

346 1230 527 1299 ὠφελεῖ
577 1232 632 1284 δὲ
684 1232 768 1284 καὶ
821 1230 1002 1296 αὐτοὺς
1053 1238 1141 1286 τοῦ
1199 1231 1302 1305 ᾠοῦ
1353 1229 1407 1285 τὸ
1462 1229 1680 1299 ἐρυθρὸν
1739 1229 1924 1284 ἅνεθὲν

232 1315 413 1384 ῥοδίνῳ
452 1314 535 1365 καὶ
573 1310 849 1382 πτύγματος
879 1311 1062 1381 τρόπον
1092 1313 1353 1380 τιθέμενον
1383 1310 1505 1364 κατὰ
1536 1317 1624 1365 τοῦ
1654 1312 1925 1381 βρέγματος

231 1395 315 1447 καὶ
353 1399 567 1463 συνεχῶς
604 1392 992 1462 ἆλλασσόμενον,
1038 1391 1072 1460 ἢ
1121 1385 1201 1446 ἐπὶ
1239 1399 1327 1446 τοῦ
1365 1391 1518 1446 αὐτοῦ
1555 1394 1822 1462 βρέγματος
1858 1416 1923 1447 τι-

167 1493 210 1527 15
232 1476 378 1528 θέναι
416 1473 731 1544 ἡλιοτροπίου
772 1473 977 1541 φύλλον,
1015 1472 1328 1542 κολοκύνθης
1367 1475 1591 1542 ξέσματα,
1634 1473 1809 1528 σικύου
1839 1476 1923 1528 πέ·

231 1576 386 1619 πονος
423 1553 476 1608 τὸ
514 1558 852 1625 περικείμενον
888 1559 946 1625 τῇ
985 1555 1125 1622 σαρκὶ
1165 1555 1341 1624 δέρμα,
1386 1552 1418 1624 ἢ
1459 1555 1698 1624 στρύχνου
1736 1577 1921 1624 κηπευ-

230 1642 317 1689 τοῦ
355 1634 441 1689 τὸν
480 1634 631 1704 χυλὸν
670 1634 784 1703 μετοὶ
825 1638 1043 1705 ῥοδίνου.

513 1861 730 1909 XLVIII
769 1858 917 1926 Περὶ
956 1860 1362 1927 ρευματισμοῦ
1401 1861 1643 1921 κοιλίας.

346 1980 466 2027 125.
528 1972 958 2042 Ῥευματιζομένου
1006 1976 1059 2028 δὲ
1106 1981 1193 2029 τοῦ
1239 1977 1458 2045 βρέφους
1503 1974 1593 2044 τὴν
1638 1979 1828 2030 κοιλίαν
1865 1975 1919 2031 τὸ

165 2079 206 2111 20
231 2055 320 2122 μὲν
372 2053 580 2122 λουτρὸν
625 2056 707 2107 καὶ
760 2053 851 2122 τὴν
902 2054 1093 2125 αἰώραν
1138 2057 1535 2126 παραιτούμεθα,
1588 2056 1821 2127 χρώμεθα
1867 2058 1921 2110 δὲ

228 2143 328 2198 τοῖς
368 2143 642 2198 στυπτικοῑς
675 2141 773 2188 τῶν
806 2136 1120 2204 ε’πιθεμᾶτων
1149 2139 1232 2190 καὶ
1264 2136 1329 2190 δι’
1365 2136 1544 2192 ώτικοῦ
1574 2141 1920 2208 κλυστηριδίου

228 2215 427 2270 κύαθον
474 2217 664 2284 ένίεμεν
708 2222 861 2285 χυλοῢ
907 2215 1256 2287 ἆρνογλώσσου
1295 2217 1330 2286 ἤ
1367 2241 1498 2283 τινος
1534 2225 1631 2272 τῶν
1670 2211 1923 2289 ὁμογενῶν

351 2396 373 2434 1
407 2390 482 2435 his
511 2389 661 2435 utitzur
691 2391 795 2435 Aet.
829 2396 871 2446 4,
898 2396 967 2437 13.
1119 2397 1144 2437 3
1179 2392 1296 2449 φησὶ
1325 2394 1433 2450 post
1466 2398 1585 2450 Λημ.
1619 2394 1726 2438 add.
1759 2408 1796 2439 c.

228 2450 291 2507 τῷ
323 2450 384 2494 E:
418 2463 507 2494 om.
533 2462 572 2495 e.
693 2454 720 2493 8
753 2451 913 2507 σηρίον
947 2465 983 2496 e.
1108 2456 1164 2496 10
1197 2452 1336 2510 σῆρος
1367 2466 1432 2506 c..
1529 2458 1582 2497 12
1617 2452 1920 2510 sequentibus

228 2508 382 2552 aliena
413 2509 644 2554 admiscet
671 2508 849 2553 Aetius.
972 2506 1199 2555 ἄνεθέντι
1229 2508 1422 2569 ῥοδίνου
1455 2526 1480 2556 0
1513 2514 1646 2568 (corr.
1664 2512 1738 2568 D).
1860 2517 1916 2556 14

229 2565 485 2625 βρέγματος
514 2567 603 2612 del.
637 2567 686 2613 E.
813 2573 868 2613 15
900 2566 1278 2627 minorffliosc.
1304 2574 1348 2627 4,
1373 2572 1469 2627 90):
1502 2567 1644 2627 χυλὸν
1677 2586 1716 2617 c.
1837 2586 1916 2616 κο·-

226 2623 467 2681 λοκύνθης
497 2625 703 2684 ξέσματα
733 2625 887 2672 Diosc.
914 2632 955 2682 2,
975 2633 1059 2673 161
1093 2627 1316 2685 (πέπονος
1339 2627 1546 2686 ξέσματα
1576 2628 1702 2675 idem
1735 2634 1915 2686 2,163).

291 2691 346 2731 16
394 2684 564 2743 δέρμαε
614 2687 778 2730 contra
816 2683 983 2730 σικύου
1023 2684 1230 2738 πέπονος
1260 2685 1379 2733 ἄνευ
1411 2688 1496 2732 τοῦ
1529 2689 1758 2747 δέρματος
1788 2685 1915 2744 πάλη

229 2758 302 2801 ap.
334 2745 476 2802 Hipp.
506 2744 586 2798 III,
609 2748 709 2789 322.
865 2749 918 2788 17
957 2741 1100 2801 χυλὸν
1133 2746 1237 2803 (sio)
1270 2761 1294 2791 c
1327 2744 1494 2818 (χυμὸν
1527 2762 1612 2793 err.
1644 2748 1704 2802 d).
1859 2752 1915 2791 19

228 2803 280 2848 δὲ
313 2803 350 2847 Ε
384 2803 506 2861 (Aet.
530 2808 574 2861 4,
593 2805 689 2861 19):
723 2794 808 2848 οὖν
841 2817 877 2850 ο.
1001 2808 1058 2848 20
1090 2801 1289 2861 αἰώρανε
1323 2808 1500 2862 ὃιωραν
1532 2807 1633 2864 (sed
1664 2808 1716 2851 ὃϊ
1742 2807 1792 2851 in
1822 2821 1915 2852 ras,

228 2865 363 2920 corr.)
396 2877 433 2908 c.
556 2867 610 2908 21
645 2863 950 2919 καυτηριὸίου
982 2877 1006 2908 c
1038 2864 1169 2920 (corr.
1203 2863 1276 2922 D).
