2014 3162
817 48 1221 100 —421—

177 178 363 236 (Praef.)
426 177 567 231 Περὶ
599 176 695 234 τῆς
726 178 821 222 τοῦ
857 177 1120 247 βρέφους
1137 174 1489 249 ἐπιμελείας.

175 239 324 282 XXVI
356 239 448 294 (25)
510 237 620 287 Πῶς
651 239 922 308 γνωρίζεται
954 234 1004 281 τὸ
1039 233 1154 294 πρὸς
1186 234 1463 295 ἀνατροφὴν
1496 234 1781 295 ἐπιτήδειον.

178 297 348 341 XXVII
381 298 473 353 (26)
539 295 649 346 Πῶς
680 291 1114 368 ὀμφαλοτομητέον.

177 355 371 399 XXVIII
404 356 494 411 (27)
558 355 667 406 Πῶς
698 351 1027 412 αποσμηκτέον
1058 352 1110 398 τὸ
1145 353 1330 415 βρέφος.

180 414 330 459 ΧΧΙΧ
363 416 455 471 (28)
520 413 629 463 Πῶς
662 413 1036 470 σπαργανωτέον.

180 472 308 517 ΧΧΧ
340 475 434 528 (29)
496 471 616 528 Περὶ
647 473 729 528 τῆς
761 474 841 517 τοῦ
875 472 1081 530 βρέφους
1112 475 1438 526 κατακλίσεως.

183 532 332 576 XXXI
365 534 455 588 (29)
520 531 639 588 Περὶ
648 533 858 607 τροφῆς.

181 590 353 636 XXXII
387 593 478 647 (30)
542 591 662 646 Περὶ
696 592 887 647 εκλογῆς
917 591 1095 659 τιτθῆς.

178 650 373 693 XXXIII
407 652 499 706 (31)
561 649 682 705 Περὶ
715 651 989 722 δοκιμασίας
1022 647 1262 720 γαλακτος.

178 709 370 752 XXXIV
403 712 495 766 (32)
559 709 669 759 Πῶς
701 707 967 765 διαιτητέον
999 707 1084 765 τὴν
1116 706 1307 766 τροφόν.

177 767 346 812 XXXV
380 769 470 824 (33)
534 768 596 810 Τί
622 766 841 823 ποιητέον
874 767 1190 843 σβεννυμένου
1223 769 1304 813 τοῦ
1338 766 1579 825 γαλακτος.

178 827 370 871 XXXVI
404 827 497 882 (34)
560 827 680 882 Περὶ
711 827 906 881 λουτροῦ
940 827 1019 870 καὶ
1049 828 1251 883 τρίψεως
1281 828 1372 871 τῶν
1407 828 1607 900 βρεφῶν.

179 885 506 940 XXXVI[(35)
540 885 650 933 Πῶς
682 887 763 928 δεῖ
786 886 864 928 καὶ
898 883 1009 929 πότε
1045 884 1232 929 διδόναι
1250 887 1325 956 ,τῷ
1361 885 1528 957 βρέφει
1559 884 1642 931 τὸν
1671 883 1862 943 μαστόν.

178 943 417 987 XXXVIII
449 946 542 999 (36)
606 943 724 1011 Περὶ
755 944 837 998 τῆς
868 944 950 987 τοῦ
984 940 1202 1000 ὀμφαλοῦ
1236 940 1562 996 αποπτώσεως.

179 1002 372 1046 XXXIX
403 1004 498 1060 (37)
561 998 686 1046 Πότε
720 1002 801 1046 καὶ
833 1003 931 1054 πῶς
962 1001 1270 1074 παραλυτέον.

179 1061 257 1104 XL
292 1063 382 1118 (38)
445 1061 556 1111 Πῶς
586 1063 668 1105 δεῖ
692 1063 908 1115 καθίζειν
941 1061 1022 1106 καὶ
1052 1060 1380 1132 περιπάτησιν
1392 1058 1568 1106 ασκεῖν.

178 1121 282 1164 XLI
315 1122 408 1176 (39)
472 1118 597 1164 Πότε
631 1119 713 1163 καὶ
744 1121 841 1171 πῶς
873 1116 1303 1177 απογαλακτιστέον
1334 1117 1386 1166 τὸ
1422 1120 1609 1179 βρέφος.

181 1180 307 1223 XLII
340 1180 434 1235 (40)
496 1178 617 1234 Περὶ
650 1173 980 1235 ὀδοντοφυιᾝας

178 1239 327 1282 XLIII
362 1239 450 1293 (41)
511 1237 631 1293 Περὶ
663 1238 930 1310 φλεγμονῆς
961 1240 1274 1296 παρισθμίων.

180 1296 326 1341 XLIV
361 1299 454 1353 (42)
516 1297 636 1352 Περὶ
656 1293 845 1370 αφθης.

182 1356 306 1400 XLV
342 1357 431 1411 (43)
496 1355 615 1412 Περὶ
648 1352 990 1429 ε’ξανθηματων
1023 1357 1102 1400 καὶ
1135 1351 1427 1427 ὀδαξησμων.

181 1415 328 1458 XLVI
361 1416 454 1471 (44)
518 1414 637 1470 Περὶ
668 1412 853 1485 ρωχμοῦ
885 1431 933 1458 τε
968 1415 1047 1458 καὶ
1079 1413 1232 1474 βηχός.

185 1473 355 1518 XLVII
389 1475 482 1530 (45)
545 1473 664 1530 Περὶ
697 1489 978 1548 σειριασεως.

185 1533 375 1578 XLVIII
408 1533 502 1589 (46)
564 1532 683 1587 Περὶ
714 1530 1030 1590 ρευματισμοῦ
1063 1534 1252 1584 κοιλίας.

906 1636 1051 1692 (Libri
1083 1636 1143 1692 II)

180 1710 366 1766 (Praef.)
430 1708 492 1752 Εἰ
524 1707 647 1753 ε’στιν
681 1710 779 1752 ἴδια
812 1706 947 1764 πάθη
981 1710 1233 1766 γυναικῶν.

178 1769 199 1812 I
233 1771 324 1826 (48)
390 1768 508 1823 Περὶ
553 1766 722 1839 ἐποχῆς
766 1765 983 1824 ἐμμήνων
1028 1768 1107 1811 καὶ
1151 1768 1380 1824 στραγγῆς
1424 1784 1503 1811 και
1548 1783 1662 1824 μετα
1711 1763 1863 1812 πόνου

452 1824 743 1882 καθαρσεως.

180 1888 223 1930 II
255 1889 347 1944 (60)
411 1887 530 1943 Περὶ
561 1887 827 1956 φλεγμονης
861 1881 1070 1940 υστέρας.

181 1947 247 1989 ΙΙΙ
282 1948 376 2002 (59)
440 1945 559 2001 Περὶ
591 1959 921 2015 σατυριασεως.

179 2005 243 2047 IV
276 2007 369 2061 (51)
434 2004 552 2060 Περὶ
582 2000 828 2076 υστερικῆς
859 2001 1038 2059 πνιγός.

182 2063 243 2120 [V
307 2063 426 2120 Περὶ
461 2060 718 2113 διατάσεως
747 2059 979 2132 ὑστέρας]

179 2122 245 2165 VI
278 2123 371 2178 (56)
435 2121 555 2178 Περι
588 2117 1016 2193 έμπνευματωσεως
1046 2117 1258 2176 υστέρας.

181 2182 267 2225 VII
301 2183 395 2236 (57)
458 2181 580 2236 Περὶ
613 2178 866 2237 οἰδήματος
897 2176 1108 2235 υστέρας.

179 2240 290 2283 VIII
321 2242 412 2295 (61)
475 2239 593 2295 Περὶ
626 2241 814 2308 σκίρρου
846 2239 926 2283 καὶ
957 2234 1296 2295 σκληρωματων
1332 2234 1383 2282 έν
1415 2235 1600 2299 υστέρᾳ.

180 2299 246 2342 IX
279 2301 372 2355 (58)
435 2298 553 2352 Περὶ
585 2294 742 2371 μύλης.

182 2358 225 2401 X
258 2359 349 2415 (49)
412 2357 533 2412 Περὶ
566 2353 940 2432 αἷμορραγούσης
969 2351 1180 2412 υστέρας.

185 2416 249 2460 ΧΙ
282 2419 391 2472 (50)
437 2416 557 2471 Περὶ
588 2413 674 2471 ροῦ
708 2415 994 2472 γυναικείου.

186 2475 273 2519 XII
306 2477 399 2531 (52)
463 2475 581 2531 Περὶ
613 2474 898 2545 γονορροίας.

188 2533 295 2577 XIII
329 2535 420 2589 (53)
483 2533 600 2587 Περὶ
634 2530 893 2604 ατονούσης
925 2531 1112 2603 μήτρας.

188 2592 296 2635 XIV
330 2596 422 2647 (54)
485 2593 604 2648 Περὶ
634 2590 939 2648 παραλύσεως
970 2591 1161 2667 μήτρας;

190 2650 275 2695 XV
309 2653 400 2707 (55)
461 2652 582 2723 Περὶ
631 2653 973 2708 παρεγκλίσεως
1011 2652 1091 2696 καὶ
1133 2647 1434 2709 αποστροφῆς
1477 2649 1557 2694 και
1601 2646 1870 2707 αναδρομῆς

450 2710 669 2779 υστέρας.

189 2767 318 2826 [XVI
379 2768 500 2826 Περὶ
531 2765 725 2826 αγονίας
755 2770 835 2814 καὶ
869 2766 1206 2827 ασυλλήψεως.]
