2014 3162
847 158 1246 212 -378—

199 289 256 343 τὰ
297 291 350 343 δὲ
389 289 787 360 μετασυγκριτικά
819 294 909 343 -δεΐ
938 295 1241 360 παραλαβεῖν
1279 292 1333 343 ἐν
1372 293 1670 359 διαλείμματι
1701 297 1883 358 μᾶλλον

198 368 230 439 ἢ
272 373 325 424 ἐν
363 373 596 438 ε’πιθέσει,
635 371 711 424 ὅτε
750 372 1099 439 προπέπτωκεν
1136 369 1167 439 ἡ
1210 370 1377 439 μήτρα.
1956 370 1958 373 ’

313 457 395 505 89.
438 458 759 520 μελανθείσης
799 453 852 504 δὲ
891 451 1040 519 αὐτῆς
1077 450 1175 505 ἀπὸ
1208 453 1386 520 μέρους
1418 450 1501 504 διὰ
1527 450 1580 505 τὸ
1606 454 1695 515 ἔξω
1722 459 1884 520 μεῖναι
1962 511 1963 514 Ἰ
1989 503 1991 508 ,

199 536 384 585 πλείοσι
437 532 653 601 χρόνοις,
708 537 751 586 εἰ
793 536 879 586 καί
927 554 1083 596 τινες
1134 536 1379 602 ἱστοροῦσι
1427 537 1701 602 συμβιῶσαι
1747 534 1884 601 μέχρι

155 636 177 670 5
199 612 380 675 παντὸς
427 616 561 676 ἐνίας
612 620 670 686 τῇ
722 612 878 684 μήτρα
936 617 1336 685 προπεπτωκυίᾳ,
1394 620 1493 677 τοῖς
1551 612 1674 682 πρὸς
1726 612 1883 682 νομὰς

198 695 442 762 χρηστέον.
506 698 549 746 εἰ
586 695 639 746 δὲ
678 693 762 762 μή,
801 693 1103 762 ἀποτμητέον
1139 693 1193 747 τὸ
1233 697 1493 762 μελανθέν,
1533 699 1576 748 εἰ
1611 697 1693 747 καὶ
1730 693 1883 763 λοβὸν

197 774 382 843 ἥπατος
427 773 458 843 ἢ
505 774 784 843 πνεύμονος
834 774 1168 844 ἀποτέμνομεν
1214 775 1336 828 κατὰ
1381 775 1662 845 πρόπτωσιν
1712 783 1881 843 μελαν-

197 858 364 909 θέντα.
440 853 537 908 κάν
583 855 671 923 ὅλη
720 862 965 927 μελανθῇ,
1017 854 1108 924 τὴν
1147 854 1411 924 σύμπασαν
1449 855 1775 923 ἀποτμητέον,
1823 853 1882 908 οὗ

199 937 354 1005 μόνον
409 935 491 989 διὰ
553 935 690 1000 τοὺς
751 936 1182 1005 ἱστορήσαντας
1247 935 1404 1004 αὐτὴν
1471 935 1752 998 ἀκινδύνως
1806 938 1883 989 έκ-
1966 984 1971 1003 ,γ

132 1043 174 1075 10
197 1021 473 1086 τέμνεσθαι,
514 1012 584 1070 ὧν
623 1018 903 1086 ἔμπροσθεν
941 1017 1390 1086 ἐμνημονεύσαμεν,
1429 1016 1532 1070 ἀλλ’
1577 1017 1648 1070 ὅτι
1679 1015 1731 1071 τὸ
1764 1016 1883 1070 ἀπο-

197 1099 501 1167 κοπτόμενον
533 1098 692 1152 οὐκέτι
722 1098 896 1167 κύριόν
926 1100 1022 1151 ἐστι
1053 1100 1213 1167 μέρος,
1251 1097 1638 1167 ’ἦλλοτριωμένον
1666 1098 1720 1150 δὲ
1745 1103 1883 1165 σῶμα

197 1183 281 1234 καὶ
319 1180 580 1234 ἀνοίκειον.
643 1183 687 1232 εἰ
725 1181 778 1232 δὲ
817 1182 869 1233 ἐκ
907 1186 993 1233 τοῦ
1033 1186 1248 1248 συνεχῶς
1285 1182 1574 1247 προπίπτειν
1613 1179 1882 1230 ἕλκωθεῐσα

197 1268 402 1335 συμφυῇ
441 1269 540 1324 τοῖς
578 1260 965 1331 πτερυγώμασιν,
1005 1258 1071 1324 ὥς
1108 1263 1358 1328 ἱστοροῦσί
1390 1280 1570 1326 τινες,
1610 1259 1883 1328 διακριτέον

195 1341 286 1410 τὴν
332 1341 613 1410 πρόσφυσιν
661 1340 726 1405 ὥς
772 1343 966 1409 έντέρου
1012 1340 1135 1410 πρὸς
1179 1339 1501 1410 περιτόναιον.
1577 1339 1780 1407 ἄμεινον
1828 1340 1882 1392 δὲ

130 1446 172 1480 15
195 1430 281 1492 τῆς
319 1422 587 1490 ἀσφαλείας
626 1422 770 1492 χάριν
806 1430 903 1476 τῶν
941 1421 1329 1492 πτερυγωμοὶτων
1366 1443 1410 1474 τι
1446 1427 1503 1493 τῇ
1543 1420 1701 1493 μήτρα
1731 1439 1882 1489 προσ-

196 1509 479 1574 χαρίζεσθαι
511 1502 576 1572 μὴ
610 1507 892 1573 δυναμένης
922 1510 1007 1572 τῆς
1039 1507 1323 1573 διακρίσεως
1346 1507 1455 1572 ἴσης
1478 1503 1880 1571 ἀποτελεσθῆναι.

534 1700 726 1748 XXXII
764 1697 913 1765 Περὶ
951 1694 1266 1764 φιμώσεως
1298 1695 1530 1764 μήτρας.

231 2392 1843 2420 οοοοοοοοοοοοοοοοοοοο

315 2544 337 2582 1
387 2537 439 2583 δὲ
472 2540 533 2583 E:
581 2557 671 2596 γαρ
705 2554 741 2584 c.
925 2536 978 2584 έν
1018 2538 1071 2585 δε
1111 2535 1374 2612 ἀλλίμματι
1395 2539 1497 2596 (sic)
1529 2534 1558 2596 ἢ
1593 2534 1670 2584 ὅτε
1705 2539 1880 2610 μᾶλλον

195 2593 322 2641 ἐστὶν
356 2593 652 2649 ἐπιθέσειςο
627 2601 823 2655 c.(oorr
858 2599 926 2655 E).
1077 2604 1103 2642 2
1139 2594 1237 2643 dns:
1282 2593 1311 2654 ἢ
1345 2613 1424 2643 οτε
1459 2594 1878 2662 &nobs-⁷1:12²-

193 2671 377 2701 πτωκεν
411 2671 447 2702 c.
585 2662 613 2700 4
647 2658 971 2715 συνιστοροῦσι
1003 2672 1027 2702 ο
1059 2659 1191 2713 (corr.
1225 2657 1294 2712 E).
1419 2661 1445 2702 5
1479 2653 1609 2708 ἐνίας
1639 2655 1721 2700 E2:
1756 2661 1880 2701 εἰναι

193 2729 231 2760 c.
383 2712 467 2772 τὴν
501 2712 681 2772 μήτραν
712 2721 1107 2786 προπεπτωκυῖαν
1140 2730 1164 2760 c
1197 2718 1328 2771 (corr.
1357 2716 1429 2772 E).
1582 2721 1608 2761 6
1639 2715 1721 2760 καὶ
1753 2716 1879 2787 (anfie

194 2769 382 2845 αποτμ.)
415 2788 439 2818 c
467 2774 578 2847 (del.
612 2773 680 2831 E).
822 2779 846 2818 7
878 2771 999 2818 κατὰ
1031 2772 1118 2831 τὴν
1149 2791 1224 2831 πρ.
1258 2789 1282 2818 c
1316 2773 1487 2831 (delevi
1518 2770 1636 2830 τὴν).
1760 2778 1811 2818 11
1846 2768 1876 2829 ἢ
1954 2767 1970 2842 Ξ

193 2829 563 2890 ἀλλοτριωμένον
596 2847 619 2877 c
652 2836 786 2890 (corr.
820 2833 891 2890 D).
1063 2838 1118 2877 14
1152 2829 1321 2889 ἕντέρω
1358 2847 1382 2878 c
1415 2834 1545 2890 (corr.
1579 2832 1652 2890 D).
1823 2837 1877 2878 16

193 2892 433 2949 δυναμένη
466 2906 490 2935 c
522 2894 655 2950 (corr.
688 2893 760 2949 D).
