2014 3162
865 114 928 122 —
1010 85 1268 138 234—-

219 215 406 283 αὐτῶν,
463 215 618 280 οὕτως
662 218 746 269 καὶ
790 216 843 270 τὸ
891 218 1180 284 συλληφθὲν
1233 219 1449 271 ἐκπίπτει
1502 220 1911 288 προδιισταμὲνης

213 291 302 366 τῆς
346 297 542 368 μήτρας.
628 296 744 366 μετὰ
792 298 846 350 δὲ
891 297 981 366 τὴν
1028 302 1359 366 φλεβοτομίαν
1403 300 1487 351 καὶ
1537 302 1713 372 ζευκτῷ
1767 321 1909 353 κατα-

218 381 443 433 σειστέον.
507 380 836 449 ε’νεργέστερος
867 378 960 449 γὰρ
991 384 1088 431 νῦν
1120 377 1146 432 ὃ
1177 378 1395 447 βρασμὸς
1434 381 1512 432 ἐπὶ
1550 380 1911 449 προητονηκόσι

213 469 314 524 τοῖς
357 460 537 524 τόποις.
615 462 698 513 καὶ
742 467 939 523 πεσσοῖς
986 460 1040 512 δὲ
1087 467 1397 528 μαλακτικοῖς
1442 462 1687 529 χρηστέον.
1765 465 1809 515 εἰ
1856 462 1910 515 δὲ

171 563 194 596 5
219 540 342 609 πρὸς
385 540 476 608 τὴν
525 545 853 609 φλεβοτομίαν
900 540 1161 610 ἀλλοτρίως
1207 543 1308 610 ἔχοι
1353 563 1423 604 τις
1469 543 1551 594 καὶ
1597 542 1772 606 ἄτονος
1817 545 1909 611 εἴη,

215 625 506 691 προανιέναι
552 623 641 690 μὲν
685 621 799 685 τοὺς
845 621 1026 685 τόπους
1074 624 1398 692 ἕγκαθίσμασι
1443 624 1526 675 καὶ
1570 629 1790 691 λουτροῖς
1826 625 1910 677 καὶ

214 711 412 766 πεσσοῖς
457 709 767 771 μαλακτικοῐς
813 705 895 755 καὶ
940 702 1214 774 ὑδροποσίᾳ
1258 706 1340 756 καὶ
1387 701 1647 774 ὅλιγοσιτίᾳ
1688 705 1771 756 καὶ
1808 726 1908 758 κοι-
1979 749 1987 765 ,

218 788 453 856 λιολυσίᾳ,
492 785 575 836 καὶ
612 783 848 851 κλύσματι
878 788 1236 853 προστίθεσθαι
1267 783 1576 852 μαλακτικόν,
1615 783 1732 852 μετὰ
1761 791 1910 838 ταῦτα

212 862 395 918 πεσσὸν
433 863 666 933 φθόριον.

149 969 192 1000 ιο
327 949 575 1014 αἱρεῖσθαι
608 945 663 998 δὲ
692 945 879 999 τούτων
908 945 1023 1010 τοὺς
1053 946 1118 1015 μὴ
1151 946 1279 1017 ἆγὰν
1303 950 1593 1015 δριμεῖς.ἴνα
1617 946 1682 1015 μὴ
1706 950 1909 1001 πλείονα

216 1027 534 1096 συμπάθειαν
572 1029 654 1079 καὶ
691 1030 968 1097 θερμασίαν
999 1027 1260 1097 ἐπάγωσιν.
1323 1029 1378 1080 ἐκ
1410 1028 1464 1080 δὲ
1494 1034 1593 1080 τῶν
1621 1029 1910 1096 πραυτέρων
1966 1055 1968 1057 ’

219 1111 271 1162 οἵ
312 1115 523 1162 τοιοῦτοι
563 1114 861 1161 καθεστᾶσιν
900 1107 1008 1162 οἷον
1046 1113 1308 1176 μυρσίνης,
1356 1112 1584 1162 λευκοίου
1624 1110 1909 1177 σπέρματος,

213 1190 416 1258 θέρμων
461 1195 650 1257 πικρῶν
695 1190 745 1251 ἐξ
791 1192 902 1242 ἴσου
950 1187 1066 1256 μετὰ
1112 1187 1291 1250 ὕδατος
1337 1187 1660 1242 ἀναπλάττειν
1703 1188 1908 1258 τροχοὺς

215 1267 282 1332 ὥς
326 1267 521 1337 κυάμου
569 1270 790 1338 μέγεθος.
874 1266 908 1336 ἢ
957 1267 1160 1335 φύλλων
1206 1268 1438 1338 πηγάνου
1486 1275 1521 1331 L,
1556 1275 1590 1339 ᾖ
1607 1308 1622 1337 ,
1670 1273 1908 1339 μυρσίνης

147 1387 191 1419 15
217 1370 251 1426 L
290 1353 346 1433 B,
396 1364 594 1433 δάφνης
642 1368 750 1428 ἴσας
788 1362 970 1432 ὁμοίως
1017 1366 1195 1417 διιέναι
1243 1364 1341 1433 μετ’
1395 1367 1559 1432 οἴνου,
1613 1367 1697 1418 καὶ
1735 1365 1907 1429 πότιζε.

215 1446 359 1509 ἄλλος
396 1445 574 1510 πεσσὸς
614 1441 999 1512 ἀκινδυνότερον
1042 1445 1304 1515 ἐκβάλλων.
1383 1450 1610 1500 λευκοίου
1648 1445 1907 1515 καρδάμου

213 1531 357 1580 θείου
381 1526 630 1595 ἀψινθίου
656 1526 890 1596 σμύρνης,
924 1526 1128 1582 ἑκάστου
1161 1531 1269 1581 ἴσον
1301 1526 1367 1580 δι’
1402 1527 1582 1591 ὕδατος
1613 1526 1906 1581 ἆνάπλασσε.

212 1607 560 1676 προλελούσθω
610 1609 663 1661 δὲ
715 1606 746 1675 ἡ
804 1610 1044 1676 μέλλουσα
1102 1613 1460 1678 προστίθεσθαι
1504 1607 1536 1676 ἢ
1585 1610 1908 1678 ἐγκαθίσμασι

212 1690 544 1757 προανιέσθω,
583 1687 679 1741 κᾶν
718 1691 854 1758 μέχρι
891 1693 1115 1753 πλείονος
1154 1690 1310 1758 μηδὲν
1348 1696 1484 1761 ποιῇ,
1523 1689 1672 1743 πάλιν
1711 1691 1908 1758 ἐγκαθί-

143 1794 188 1826 20
214 1788 357 1839 σμασι
381 1777 713 1838 προανεθεῖσα
738 1769 966 1839 δεύτερον
996 1772 1358 1840 προστιθέσθω.
1397 1771 1553 1826 πολλὰ
1588 1772 1642 1824 δὲ
1671 1773 1755 1824 καὶ
1786 1770 1908 1824 ἄλλα
1981 1798 1987 1803 ·

212 1850 329 1921 παρ’
380 1850 543 1914 ἄλλοις
591 1854 797 1919 εἴρηται,
846 1848 1179 1919 φυλάττεσθαι
1219 1853 1272 1906 δὲ
1314 1856 1395 1905 δεῖ
1424 1851 1482 1905 τὰ
1521 1857 1631 1905 λίαν
1667 1850 1907 1920 πληκτικὰ
1975 1884 1977 1888 -

330 2090 356 2129 2
389 2080 736 2130 κατὰσυσταῖον
767 2099 790 2129 c
824 2086 957 2142 (corr.
983 2086 1056 2141 D).
1211 2092 1237 2131 3
1273 2083 1430 2143 ἑναργ.
1464 2100 1488 2131 c
1521 2090 1653 2144 (corr.
1678 2087 1753 2144 D).
1877 2091 1903 2132 5

211 2140 296 2202 τὴν
327 2144 472 2189 habet
503 2158 540 2188 c.
664 2149 689 2188 6
722 2159 917 2202 προσαν.
951 2158 975 2189 c
1008 2147 1140 2201 (corr.
1173 2146 1246 2202 E).
1395 2150 1422 2190 8
1455 2141 1572 2203 μετὰ
1605 2144 1658 2191 δὲ
1691 2147 1842 2191 ταῦτα
1873 2146 1905 2190 d

211 2203 315 2260 (sed.
346 2201 399 2247 δὲ
432 2217 526 2248 non
556 2204 701 2248 habet
733 2206 788 2260 c).
876 2209 931 2249 10
963 2204 1042 2248 ἵνα
1075 2200 1136 2262 μὴ
1170 2205 1233 2249 D:
1267 2201 1408 2262 εἶναι,
1440 2202 1502 2261 μὴ
1519 2206 1574 2261 c).
1670 2210 1724 2249 11
1757 2201 1901 2262 ἆπάγ.

212 2277 236 2306 o
269 2264 400 2319 (corr.
435 2261 510 2319 D).
644 2267 696 2306 12
731 2258 1016 2307 καθιστάσιν
1049 2265 1155 2320 (sic)
1187 2277 1212 2308 c
1245 2265 1379 2319 (corr.
1401 2263 1475 2320 D).
1601 2268 1655 2308 13
1685 2264 1902 2322 θέρμωνι

210 2337 252 2366 v.
286 2321 440 2366 Diosc.
474 2321 532 2376 ΙΙ,
561 2327 662 2366 132.
787 2326 840 2365 15
875 2323 1112 2378 δαφνίσας
1143 2318 1316 2380 ὁμοίως
1347 2336 1384 2366 c.
1510 2327 1564 2367 16
1597 2318 1903 2368 ἀκινδυνότε-

212 2396 291 2436 ρος
324 2377 376 2424 ἒκ
410 2377 525 2424 άλον
559 2396 596 2425 c.
747 2378 997 2438 καρδάμου
1031 2381 1104 2438 (cf.
1138 2397 1182 2439 p.
1218 2387 1288 2438 66,
1317 2386 1371 2425 13
1402 2381 1472 2435 D.,
1505 2381 1659 2426 Diosc.
1692 2397 1727 2428 8.
1759 2398 1818 2439 v.,
1850 2381 1901 2426 E.

210 2454 257 2496 p.
289 2439 367 2482 XL
394 2439 478 2495 II):
511 2436 832 2497 καρδαμώμου
866 2454 902 2484 c.
1035 2446 1089 2485 19
1122 2437 1214 2484 κᾶν
1245 2441 1282 2484 Ε
1316 2441 1378 2497 (p.
1410 2440 1600 2497 XLIV):
1633 2440 1713 2485 καὶ
1745 2455 1782 2486 e.

211 2503 269 2543 20
301 2512 493 2553 προσαν.
528 2513 564 2544 c,
730 2501 837 2555 post
865 2499 1201 2556 προστιθέσθω
1236 2513 1260 2543 ο
1291 2514 1448 2543 rursus
1481 2499 1612 2543 addit
1643 2513 1763 2555 quae
1795 2502 1903 2545 sunt

210 2555 436 2614 Aspasiae
478 2556 605 2601 Aetii
643 2572 687 2614 p.
722 2562 798 2613 65,
827 2562 882 2602 10
923 2555 1059 2615 (εἶτα)
1094 2584 1149 2591 -
1183 2555 1507 2614 (ἐπιθέμασιν)
1549 2563 1625 2612 66,
1660 2563 1716 2603 21
1757 2559 1812 2604 D.
1851 2559 1903 2603 in

209 2629 377 2686 quibus
408 2645 454 2687 p.
489 2635 559 2686 65,
587 2635 639 2675 15
675 2645 699 2675 c
730 2631 876 2675 habet
907 2631 973 2675 sie
1005 2627 1238 2688 ἆγαρικοῦ
1273 2618 1356 2685 ἕξᾶ
1391 2629 1415 2674 ι-’
1452 2632 1497 2688 (i.
1524 2645 1562 2676 e.
1597 2627 1764 2688 ἐξάγια
1795 2634 1901 2690 τρία

211 2688 309 2733 sine
339 2689 438 2734 ulla
467 2689 650 2744 lacuna)
694 2685 746 2734 ἐν
786 2687 1079 2747 ὑδρομέλιτι,
1119 2690 1169 2734 id
1207 2691 1332 2746 quod
1363 2704 1529 2734 moneo
1560 2693 1756 2748 propter
1785 2691 1822 2737 Ε
1853 2707 1898 2749 p.
1969 2728 1973 2729 γ

210 2747 417 2792 XXXIX.
482 2748 538 2792 de
571 2763 613 2792 v.
648 2763 692 2805 p.
727 2754 797 2805 65,
827 2753 879 2792 19
911 2749 951 2792 D
987 2763 1084 2806 sqq.
1119 2749 1176 2794 cf.
1211 2749 1247 2792 E
1279 2764 1324 2806 p.
1357 2749 1518 2795 XLIII.
