2014 3162
177 591 197 623 5

156 997 198 1029 10

156 1404 198 1437 15

158 1813 200 1845 20

869 110 1266 164 -328—

220 248 439 311 κείμενος
484 242 760 311 κομιζέσθω
812 241 985 316 πρᾴως
1023 241 1196 297 αὐτὸν
1215 243 1542 298 ἐνδιαλύσασα
1579 249 1636 314 τῇ
1673 247 1908 314 προσαφῇ

220 324 362 394 χάριν
399 329 487 377 τοῦ
527 323 767 378 ἅσκυλτον
805 326 1037 395 γενέσθαι
1075 323 1164 392 τὴν
1202 325 1427 395 ἔκκρισιν.
1498 323 1815 394 χρονιζούσης
1853 324 1908 378 δὲ

219 412 306 474 τῆς
345 404 788 474 ἕμπνευματῶσεως
827 409 881 460 ἐν
905 406 995 475 μὲν
1018 413 1118 469 τοῖς
1141 409 1473 474 παροξυσμοῖς
1502 405 1559 458 τὰ
1590 404 1907 474 ἆνετικώτερα

220 487 542 556 προσάξομεν.
620 489 673 540 ἐν
725 486 819 556 γὰρ
865 495 970 552 ταῖς
1016 488 1262 542 ἕπιθέσεσι
1309 488 1391 539 καὶ
1435 492 1535 550 τοῖς
1578 489 1909 554 παροξυσμοῖς

220 568 276 622 τὰ
317 567 463 638 ὅμοια
498 567 838 637 δοκιμάζομεν.
873 573 1211 638 διαλείμματος
1242 569 1296 622 δὲ
1325 569 1593 638 γενομένου
1623 565 1682 620 τὰ
1713 565 1908 635 σώματα

220 655 459 718 τονοῦμεν
504 648 587 702 διὰ
634 649 1037 718 συναλειμμάτων
1086 651 1398 719 θερμοτέρων
1443 651 1526 702 καὶ
1562 651 1774 716 τρίψεως
1809 652 1909 700 τῶν

222 736 404 784 σκελῶν
451 731 535 783 καὶ
579 736 678 783 τῶν
722 728 1013 800 πασχόντων
1056 731 1246 799 τόπων,
1299 736 1385 799 τῆς
1430 752 1478 784 τε
1523 735 1621 783 τῶν
1659 728 1788 782 ὅλων
1827 730 1912 783 καὶ

220 817 440 879 τοπικῆς,
478 811 592 865 ποτὲ
632 811 721 878 μὲν
761 809 844 864 διὰ
881 817 1046 879 ’ψιλῶν
1083 819 1180 866 τῶν
1218 818 1394 882 χειρῶν
1431 811 1546 865 ποτὲ
1585 811 1639 864 δὲ
1679 808 1747 863 δι’
1785 809 1910 878 ὦμο-

220 891 376 946 τάτων
414 896 564 946 λίνων
603 896 781 963 ξηρῶν.
835 892 1023 961 τροφάς
1060 914 1109 947 τε
1150 897 1352 962 δίδομεν
1390 896 1630 959 ποικίλας,
1681 890 1790 945 ἔσθ’
1834 886 1912 946 ὅτε

223 974 276 1027 δὲ
314 975 396 1028 καὶ
435 976 666 1041 δριμείας.
742 971 833 1041 τὴν
872 971 1037 1040 ὀσφὺν
1077 974 1130 1027 δὲ
1160 977 1242 1028 καὶ
1274 973 1327 1029 τὸ
1344 973 1661 1044 ἐπιγάστριον
1686 971 1910 1041 δρῶπακι

221 1058 540 1124 καταχρίομεν
586 1056 667 1107 καὶ
713 1058 858 1126 νίτρῳ
899 1055 1249 1125 συμπάσσομεν
1287 1054 1318 1125 ἢ
1358 1060 1683 1124 παροπτῶμεν
1719 1056 1802 1107 καὶ
1838 1059 1905 1127 τῷ

223 1134 305 1190 διὰ
359 1134 551 1198 νάπυος
588 1137 670 1188 καὶ
709 1134 927 1204 ἰσχάδων
967 1144 1212 1211 φοινιγμῷ
1249 1136 1482 1207 χρώμεθα
1525 1134 1557 1204 ἢ
1596 1135 1649 1189 τὸ
1680 1139 1911 1204 κρίθινον

223 1216 338 1287 μετὰ
377 1215 543 1270 σύκων
578 1214 854 1285 ἡψημένων
884 1218 966 1270 καὶ
996 1216 1225 1287 πηγάνου
1257 1220 1340 1272 καὶ
1362 1215 1596 1271 ὑσσώπου
1619 1218 1702 1269 καὶ
1726 1217 1910 1285 μέλιτος

221 1296 623 1366 καταπλάττομεν.
664 1299 1005 1366 ἕπιρρίπτομεν
1038 1299 1092 1351 δὲ
1114 1300 1197 1351 καὶ
1228 1297 1280 1353 τὸ
1312 1297 1395 1353 διὰ
1426 1302 1592 1367 νίτρου
1623 1299 1707 1351 καὶ
1738 1302 1904 1352 συκῶν

221 1381 304 1433 καὶ
357 1378 607 1447 ἀψινθίου
646 1376 678 1448 ἢ
725 1377 816 1446 τὴν
864 1378 1115 1448 ὠμήλυσιν
1155 1378 1271 1448 μετὰ
1311 1385 1477 1433 συκῶν
1516 1377 1791 1447 ἡψημένων
1827 1378 1913 1430 καὶ

223 1461 455 1517 ὑσσώπου
484 1458 515 1530 ἢ
540 1459 592 1515 τὸ
620 1459 702 1513 διὰ
739 1460 1028 1531 σπερμάτων
1059 1460 1286 1532 μάλαγμα
1314 1459 1347 1529 ἢ
1373 1459 1424 1515 τὸ
1448 1459 1749 1529 πολυάρχιον
1786 1456 1821 1528 ἢ
1857 1458 1912 1514 τὸ

223 1543 305 1598 διὰ
346 1546 608 1611 δαφνίδων
647 1540 763 1611 μετὰ
803 1549 1026 1611 κηρωτῆς
1078 1542 1130 1597 τὸ
1186 1549 1403 1612 πρῶτον,
1458 1540 1557 1595 εἶτα
1605 1539 1711 1594 κατ’
1761 1544 1911 1594 ἰδίαν.

222 1625 368 1693 ὅμοια
408 1625 461 1678 δὲ
499 1622 690 1687 τούτοις
728 1625 810 1676 καὶ
849 1623 907 1676 τὰ
946 1626 1279 1695 ἐγκαθίσματα
1317 1621 1749 1693 παρασκευάζομεν
1785 1630 1910 1676 καθ-

224 1710 427 1775 έψοντες
464 1713 529 1781 τῷ
568 1705 711 1760 ὕδατι
751 1714 1053 1774 σταφυλῖνον
1090 1709 1172 1761 καὶ
1205 1711 1393 1762 δαῦκον
1422 1704 1652 1774 κρητικὸν
1681 1707 1764 1758 καὶ
1795 1702 1915 1774 γλή-

223 1811 384 1858 χωνα,
431 1786 675 1855 μενούσης
722 1787 776 1840 δὲ
813 1793 900 1857 τῆς
937 1795 1236 1857 κατασκευῆς
1274 1790 1355 1842 καὶ
1395 1786 1674 1857 άρτεμισίαν
1711 1788 1795 1840 καὶ
1832 1785 1914 1841 {56-

224 1888 392 1924 σωπον
429 1870 513 1921 καὶ
550 1867 762 1936 πράσιον
798 1871 882 1921 καὶ
920 1869 1122 1938 δάφνην
1152 1869 1184 1939 ἢ
1217 1870 1304 1925 τὸν
1333 1870 1525 1940 κάρπον
1557 1869 1707 1939 αὐτῆς
1737 1873 1916 1923 κασίαν

222 1972 270 2004 τε
308 1952 391 2004 καὶ
429 1949 629 2019 νάρδον.
704 1957 790 2019 τῆς
828 1951 882 2003 δὲ
921 1950 1073 2021 αὐτῆς
1111 1953 1369 2023 δυνάμεως
1407 1955 1489 2007 καὶ
1526 1951 1738 2016 πεσσούς
1768 1955 1917 2021 προσὲ

224 2032 467 2101 βάλλομεν
503 2031 617 2095 τοὺς
657 2031 740 2086 διὰ
779 2033 1006 2103 πηγάνου
1040 2035 1159 2103 <καὶ
1189 2032 1474 2106 γλήχωνος>
1504 2035 1587 2088 καὶ
1618 2035 1803 2102 με’λιτος
1832 2035 1916 2087 καὶ

224 2117 409 2181 νίτρου,
455 2114 536 2166 καὶ
574 2118 912 2183 τερεβινθίνης
949 2115 1197 2185 χαλβάνης
1235 2120 1376 2186 ἴρεως
1414 2115 1642 2186 πηγάνου
1681 2113 1915 2169 ὑσσώπου

343 2213 371 2251 4
404 2203 456 2252 ἐν
481 2233 536 2239 -
563 2209 625 2264 (5)
658 2205 974 2266 δοκιμάζομεν
1007 2224 1095 2255 om.
1129 2211 1306 2256 Aetius.
1446 2215 1470 2255 7
1503 2210 1583 2265 τῆς
1610 2235 1663 2241 -
1692 2210 1783 2266 (10)
1816 2210 1912 2265 δρι-

224 2267 360 2322 μείας
392 2280 480 2312 om.
514 2268 618 2311 Aet.
764 2273 815 2311 11
851 2267 931 2312 καὶ
955 2295 1010 2302 --
1036 2271 1352 2327 παροπτῶμεν
1385 2284 1474 2315 om.
1506 2268 1610 2314 Aet.
1735 2272 1910 2312 14-1‘1

226 2323 393 2382 (ἔπιρρ.
423 2351 475 2358 -
503 2324 648 2382 ἰδίαν)
686 2325 731 2370 in
764 2327 951 2372 brevius
986 2329 1214 2374 contraxit
1246 2330 1349 2374 Aet.
1525 2332 1580 2372 14
1611 2328 1781 2384 νίτρων
1813 2341 1852 2371 c.

227 2390 279 2429 17
315 2386 561 2441 δαφνίδων
593 2385 723 2430 Aet.:
755 2387 952 2442 δαφνῶν
985 2402 1022 2432 o.
1148 2394 1201 2433 18
1234 2383 1376 2445 ὅμοια
1400 2413 1457 2421 -—-
1482 2389 1576 2444 (22)
1609 2382 1788 2442 νάρδον
1821 2399 1913 2430 om.

224 2444 328 2488 Aet.
480 2449 537 2488 20
569 2442 819 2501 μενούσηςε
856 2442 996 2503 οὔσης
1027 2461 1063 2491 ο.
1218 2451 1274 2492 22
1301 2462 1398 2504 sqq.
1433 2445 1626 2502 similia,
1660 2445 1740 2490 sed
1770 2444 1913 2501 paulo

225 2503 408 2547 mutata
430 2503 626 2560 praebet
648 2505 768 2560 Aet„
802 2507 1088 2562 quapropter
1118 2506 1324 2551 Dietzius
1355 2505 1446 2552 hoo
1475 2506 1579 2550 loeo
1615 2518 1735 2560 quae
1766 2504 1912 2548 habet

225 2576 248 2606 c
282 2563 341 2632 (Y,
363 2563 629 2619 22-329,6)
671 2562 930 2609 describere
962 2565 1224 2621 supersedit
1254 2564 1329 2623 (cf.
1360 2568 1645 2622 p.275‚5—7
1669 2563 1724 2606 D.
1749 2560 1912 2607 πεσσοὶ

226 2646 280 2652 -
300 2619 618 2676 υποτιθέναι).
669 2622 733 2665 sic
766 2624 923 2667 autem
953 2625 1139 2668 Aenus:
1171 2623 1253 2668 καὶ
1283 2620 1485 2674 πεσσούς
1516 2620 1568 2667 δὲ
1601 2619 1914 2680 προστιθέναι
1978 2630 1986 2634 ’
2013 2623 2014 2647 ἲ

224 2677 308 2751 χρὴ
349 2678 430 2736 τῆς
469 2674 895 2751 αὖτῆςεδυνρὶμεως
926 2679 1006 2726 διὰ
1038 2683 1365 2754 τερεβινθίνης
1396 2679 1797 2752 χαλβάνηςΙῖρεως
1826 2695 1911 2736 πη-

225 2755 372 2795 γανου
410 2753 460 2783 τε
500 2738 582 2783 καὶ
618 2753 840 2783 υσσωπου
882 2740 959 2784 καὶ
1003 2757 1054 2785 το
1096 2738 1176 2785 διὰ
1209 2757 1424 2798 πηγανου
1456 2740 1537 2813 ng).
1568 2743 1802 2797 γληχωνος
1831 2738 1912 2783 καὶ
1961 2762 1974 2765 »

224 2798 382 2854 νίτρου
421 2797 503 2842 καὶ
542 2795 725 2854 μέλιτος
764 2797 844 2842 καὶ
883 2800 1020 2856 χολῆς
1059 2802 1282 2856 ταυρείας
1325 2802 1436 2845 ἴσων
1475 2817 1503 2857 η
1543 2796 1719 2844 ἀνίσων
1750 2813 1911 2855 μιγνυ·

226 2855 392 2915 μένων.
537 2861 593 2901 23
625 2857 705 2902 καὶ
736 2853 969 2914 γλήχωνος
1001 2859 1160 2904 addidi
1193 2873 1248 2904 ex
1278 2859 1383 2906 Aet.
1448 2860 1507 2904 ef.
1538 2859 1620 2904 lat.
1655 2857 1911 2915 (puleium).
