2014 3162
768 121 1135 173 —45—

105 263 155 306 et
198 255 309 304 mali
355 257 544 321 granati
583 257 730 305 coria.
808 254 1236 320 cataplasmatibus
1279 258 1425 306 etiam
1465 259 1792 308 admiscemus

106 329 218 378 folia
263 328 557 393 plantaginis
607 328 768 379 intubi
818 328 1101 394 portulacae
1156 345 1277 379 uvae
1334 330 1545 395 lupinae.
1630 332 1790 381 inlini-

105 417 216 452 mus
256 405 402 452 etiam
441 403 549 452 oleo
589 418 733 452 roseo
773 402 850 452 vel
887 405 1102 468 myrtino
1144 419 1258 453 cum
1298 419 1499 453 cerussa
1538 412 1588 455 et
1618 420 1792 470 spuma

105 478 296 540 argenti
336 483 386 526 et
423 476 636 526 alumine
677 478 846 526 scisso.
1814 489 1837 520 4

218 547 335 602 138.
399 550 627 599 Sonitum
673 552 868 600 narium
916 556 966 599 et
1011 551 1112 600 oris
1160 553 1424 616 strepitum
1471 553 1556 616 qui
1603 551 1663 600 de
1703 551 1791 600 hu·
1818 554 1910 610 (44)

108 622 331 673 moribus
370 626 591 674 occurrit
629 624 874 689 quomodo
915 621 1184 674 sanamus?

215 697 403 747 scilicet
434 697 643 746 mulsam
683 713 743 747 ex
778 697 970 747 modico
1003 697 1146 747 melle
1178 698 1434 748 decoctam
1479 698 1792 764 frequentius

110 770 286 820 infanti
324 771 510 821 damus

219 842 338 895 139.
379 845 452 894 Ad
492 843 782 894 tussiculam
823 860 997 895 eorum
1037 844 1154 910 quid
1195 842 1403 895 damus?

215 916 372 985 [<ex>
421 921 608 968 semine
662 918 749 967 lini
788 919 1052 984 amygdalis
1094 934 1213 969 suco
1252 919 1551 984 gliquiritiae
1592 927 1642 969 et
1682 919 1788 969 dra·
1816 930 1859 962 10

49 1033 53 1036 .
106 998 252 1056 ganto
292 995 481 1042 utimur
521 992 800 1042 electuariis
840 999 890 1041 et
929 993 1086 1042 melle.

216 1064 334 1116 140.
398 1065 526 1124 Quid
581 1073 658 1116 est
701 1066 915 1116 valitudo
972 1082 1096 1132 quae
1157 1067 1286 1132 apud
1341 1067 1556 1117 infantes
1605 1068 1792 1117 siriasis
1817 1069 1909 1125 (45)

102 1137 409 1204 appellatur?

213 1213 408 1264 cerebri
456 1221 531 1263 est
577 1214 742 1263 fervor
797 1229 911 1263 cum
965 1216 1220 1281 miningiS,
1274 1216 1342 1264 ita
1397 1222 1454 1264 ut
1507 1216 1791 1279 occipitium

110 1286 312 1338 infantis
364 1303 634 1337 concavum
680 1288 786 1355 fiat,
834 1303 953 1338 cum
993 1290 1152 1354 igneis
1200 1295 1249 1338 et
1296 1289 1672 1338 ferventissimis
1724 1289 1790 1337 fe·
1817 1298 1858 1331 15

107 1357 295 1411 bribuS.

222 1433 341 1484 141.
407 1434 459 1484 Si
497 1450 614 1484 vero
654 1441 877 1484 ventrem
916 1435 1078 1484 infans
1119 1434 1320 1484 solverit
1359 1435 1477 1500 quid
1520 1431 1793 1485 faciemus?
1818 1438 1911 1495 (46)

217 1511 259 1557 si
306 1508 464 1558 adhuc
514 1508 683 1574 lactat,
738 1511 901 1557 omnia
957 1524 1081 1574 quae
1134 1509 1439 1574 adstringere
1486 1516 1698 1574 possunt
1745 1515 1794 1558 et

106 1584 290 1632 nutrici
338 1584 444 1632 eius
490 1581 686 1645 damus]
736 1583 1020 1647 epithima
1068 1582 1310 1632 scilicet
1358 1582 1515 1647 quod
1556 1589 1794 1632 constat

109 1652 193 1717 [de
218 1655 446 1721 palmulis
479 1663 528 1705 et
558 1655 790 1705 lenticula
821 1656 1117 1706 inducimus,
1152 1658 1194 1705 si
1225 1672 1341 1706 vero
1365 1656 1592 1722 plurimis
1619 1655 1792 1706 diebus
1816 1668 1859 1700 20

225 1833 250 1871 2
282 1827 436 1872 intubi
468 1827 515 1872 b:
547 1826 687 1871 intibi
719 1829 734 1871 l
766 1829 868 1885 (om.
899 1829 960 1883 h).
1082 1841 1175 1873 uva
1197 1827 1358 1884 lupina
1382 1828 1407 1872 b
1433 1829 1568 1883 (uvae
1586 1841 1791 1873 -roseo

107 1898 190 1930 om.
223 1887 272 1942 l).
380 1891 406 1930 3
438 1900 571 1931 roseo
605 1887 653 1931 b:
687 1900 876 1931 rosaceo
908 1889 949 1931 h.
1043 1891 1071 1930 4
1103 1887 1231 1931 aluffi
1261 1887 1344 1943 (sic
1374 1891 1416 1931 et
1445 1887 1492 1942 h)
1526 1887 1658 1931 scissi
1690 1889 1790 1942 (om.

111 1945 155 2002 h)
188 1946 214 1990 b
246 1945 452 2002 (alumen
484 1945 676 1989 scissum
709 1947 756 1997 l).
879 1950 906 1991 5
938 1946 1118 1990 narium
1151 1946 1224 1990 lh:
1257 1945 1439 1990 aurium
1471 1946 1512 1990 b.
1620 1959 1719 1990 ores
1752 1947 1791 1991 b.

170 2004 380 2061 strepidu
411 2003 476 2060 qd*
508 2010 573 2049 .e.
606 2004 879 2050 humoribus
905 2006 948 2060 b,
980 2004 1177 2062 strepitu
1210 2019 1239 2062 q
1270 2005 1327 2049 de
1358 2006 1554 2049 humore
1586 2005 1614 2049 l.
1738 2010 1794 2050 10

107 2067 212 2120 post
249 2064 414 2108 damus
452 2064 518 2108 sic
548 2065 704 2121 pergit
740 2064 892 2109 Brux.
933 2064 1087 2109 edima,
1128 2063 1306 2108 scilicet
1346 2063 1410 2119 qd
1449 2065 1632 2108 constat
1663 2065 1794 2121 (quae

112 2123 248 2167 verba
290 2137 346 2167 ex
382 2123 543 2168 ultimo
582 2124 692 2168 libri
730 2124 869 2168 huius
900 2125 1048 2180 primi
1086 2124 1289 2179 capitulo
1327 2124 1504 2180 reliqua
1542 2137 1666 2168 mmo
1695 2125 1793 2168 sola

109 2193 304 2250 restant,
334 2197 427 2241 vid.
459 2198 606 2252 infra)
639 2200 720 2241 aut
749 2213 780 2256 p
812 2198 988 2241 fluxum
1018 2196 1194 2242 ventris
1234 2196 1450 2253 specialit
1480 2198 1579 2242 taffi
1618 2197 1794 2242 habent

107 2253 246 2299 sicuti
278 2261 344 2300 .e.
376 2256 516 2315 vulve
548 2255 757 2313 pfocacio
790 2258 828 2302 85
859 2255 1098 2314 sanguinis
1128 2256 1277 2299 fluxus
1308 2255 1422 2301 licet
1450 2257 1569 2301 haec
1600 2270 1791 2314 genera-

110 2311 235 2357 libus
266 2313 362 2358 illis
393 2314 564 2370 pdic‘tis
596 2315 800 2360 adscribi
832 2315 1016 2360 debent.
1058 2313 1280 2360 CXXIIII.
1316 2313 1444 2367 Quae
1476 2320 1502 2359 εῖ
1537 2328 1647 2372 ergo
1679 2316 1793 2361 vali-

112 2371 288 2417 tudinis
325 2373 524 2418 muliersi
564 2388 682 2431 quae
720 2390 751 2433 p
793 2374 1024 2431 scriptura,
1060 2374 1161 2418 fieri
1191 2374 1354 2419 solent.
1416 2374 1634 2419 Retentio
1666 2388 1792 2418 men-

116 2433 300 2476 struarfi
330 2437 409 2477 etc.
441 2447 555 2490 quae
586 2438 694 2478 sunt
725 2448 780 2478 ex
809 2435 946 2478 initio
978 2434 1088 2478 libri
1116 2434 1317 2478 secundi.
1358 2434 1424 2478 sic
1456 2434 1482 2478 b
1514 2439 1554 2478 et
1584 2434 1793 2478 similiter

109 2490 139 2534 l.
200 2492 470 2536 intermedia
511 2507 626 2549 quae
659 2495 902 2549 perierunt
942 2493 1065 2537 solus
1106 2506 1231 2536 nunc
1271 2493 1467 2537 servavit
1509 2493 1792 2537 Havm‘ensis

112 2549 190 2604 (cf.
225 2549 359 2595 Gesn.
401 2552 463 2596 ad
497 2553 670 2597 Mosch.
709 2567 759 2609 p.
794 2556 1016 2608 53—54),
1060 2553 1141 2608 qui
1171 2555 1321 2596 tamen
1351 2553 1451 2608 ipso
1492 2553 1629 2596 initio
1672 2556 1794 2596 caret

111 2607 221 2652 libri
252 2611 441 2655 secwndi
472 2612 604 2656 cuius
633 2612 854 2668 reliquiae
884 2614 1044 2656 extant
1074 2612 1127 2655 in
1158 2611 1224 2655 bl.
1410 2615 1464 2654 10
1497 2610 1663 2655 Semen
1695 2610 1792 2654 lini.

110 2665 386 2724 Amigdalis.
431 2669 576 2714 Sucus
608 2669 886 2726 gliquiricie.
919 2673 967 2715 et
991 2670 1233 2727 draganto.
1281 2669 1457 2713 utimur
1481 2671 1529 2713 et
1552 2668 1791 2715 lactuariis

112 2738 168 2768 ex
196 2727 334 2772 melle
367 2729 468 2784 (sic)
491 2729 532 2772 h.
657 2734 710 2773 19
744 2729 982 2786 epythima
1014 2729 1070 2773 de
1100 2728 1321 2785 palmulis
1354 2730 1401 2773 eh
1431 2728 1655 2772 lenticula
1686 2741 1790 2771 con-

115 2786 211 2828 stat
246 2786 296 2830 h:
343 2787 451 2832 haec
487 2792 596 2832 sunt
633 2789 769 2832 verba
807 2802 921 2845 quae
958 2789 1062 2833 vola
1091 2792 1265 2832 restant
1295 2789 1348 2831 in
1379 2788 1430 2832 bl
1459 2788 1525 2832 sic
1558 2790 1617 2843 (v.
1648 2800 1791 2843 supra

110 2843 172 2887 ad
201 2857 240 2887 v.
267 2849 346 2900 10)
379 2845 552 2891 ‘edima
584 2846 763 2892 scilicet
793 2847 919 2903 quod.
949 2847 1167 2893 constat'.
