2014 3162
876 109 1279 162 —346--

238 244 373 308 τρίου
419 240 550 303 τινὸς
597 243 876 311 ἐγκειμένου
926 244 1007 294 καὶ
1067 240 1189 309 πρὸς
1243 241 1487 309 σύλληψιν
1541 241 1785 310 ἀπραξίαν
1838 249 1924 295 τοῦ

239 322 508 389 σπέρματος
555 324 609 374 ἐν
653 330 757 385 ταῖς
805 326 1111 389 συνουσίαις,
1150 321 1181 390 ’ἢ
1231 321 1348 390 μηδ’
1369 321 1493 385 ὅλως
1531 325 1925 392 παρατιθεμένου

237 408 293 471 τῇ
333 401 487 473 μήτρα
525 400 557 470 ἢ
597 402 823 471 καθάπερ
863 405 912 466 ἐξ
951 402 1154 472 ἀψύχου
1192 403 1372 466 κύτους
1404 401 1768 472 ἀποδιδομένου
1798 426 1924 472 παρ-

238 487 422 536 αυτίκα.
517 485 598 535 καὶ
660 484 774 536 ποτὲ
838 485 925 550 μὲν
989 483 1138 552 ἐποχὴ
1194 491 1291 537 τῶν
1346 488 1659 552 καταμηνίων
1714 489 1927 554 γίγνεται

193 586 213 618 5
236 568 413 630 τελεία,
461 565 576 617 ποτὲ
616 565 669 616 δὲ
708 566 790 616 καὶ
829 565 1032 628 ἄτακτος
1071 564 1351 635 ἀπόκρισις,
1400 565 1515 619 ποτὲ
1554 566 1608 618 δὲ
1645 565 1765 618 κατὰ
1805 584 1926 634 συμ-

235 644 454 697 πάθειαν
492 652 590 697 τῶν
628 647 1000 713 παρακειμένων
1038 649 1121 699 καὶ
1161 645 1480 714 ἆπροαίρετος
1519 647 1711 714 ἕκρυσις
1763 646 1926 714 οὔρων

235 723 266 792 ἢ
324 725 607 795 σκυβάλων,
670 728 753 778 καὶ
813 725 1196 793 ἆπευθυσμένου
1251 726 1419 796 βάρος.
1511 725 1710 795 στεγνὸν
1766 727 1819 779 δὲ
1873 725 1926 780 τὸ

234 805 400 870 πάθος
447 808 528 859 καὶ
575 806 928 876 πολυχρόνιον,
975 807 1089 860 ποτὲ
1135 808 1223 875 μὲν
1271 809 1515 870 ἐπιθέσεις
1561 809 1673 875 ἕχον
1718 808 1833 860 ποτὲ
1873 809 1927 861 δὲ

236 891 564 956 διαλείμματα.
649 886 740 956 τὴν
790 889 878 955 μὲν
926 882 1021 940 οὖν
1067 890 1288 941 ἐπίθεσιν
1337 891 1389 941 ἐκ
1427 887 1614 956 βάρους
1651 887 1926 955 καταληψό·

169 992 211 1023 10
235 977 365 1036 μεθα
388 971 470 1021 καὶ
505 973 863 1036 δυσαισθησίας
893 970 975 1020 καὶ
1008 967 1193 1037 ῥύσεως
1224 973 1464 1035 πλείονος,
1495 967 1548 1022 τὸ
1582 969 1635 1021 δὲ
1669 968 1923 1037 διάλειμμα

235 1051 286 1102 ἐκ
325 1057 422 1102 τῶν
461 1052 710 1102 ἐναντίων.

346 1132 649 1199 μετενεκτέον
698 1131 751 1183 δὲ
796 1129 887 1198 τὴν
934 1134 1205 1198 θεραπείαν
1252 1133 1304 1183 ἐκ
1350 1138 1446 1184 τῶν
1499 1132 1768 1199 εἰρημένων
1814 1133 1924 1198 περὶ

230 1217 316 1279 τῆς
357 1213 536 1280 ἐποχῆς
573 1217 661 1264 τοῦ
702 1210 922 1278 ἐμμήνου
961 1213 1044 1263 καὶ
1089 1218 1175 1279 τῆς
1221 1218 1458 1281 στραγγῆς
1503 1211 1795 1281 καθάρσεως
1840 1214 1923 1264 καὶ

328 1292 339 1310 2
441 1292 455 1309 J

233 1314 346 1360 μετα
385 1315 564 1346 πονου.

166 1521 208 1554 15
232 1502 324 1550 XV
380 1500 527 1567 Περὶ
572 1502 1014 1568 παρεγκλίσεως
1062 1501 1161 1551 καὶ
1209 1497 1595 1567 ἀποστροφῆς
1641 1499 1739 1550 καὶ
1778 1496 1922 1550 ἀνα-

824 1591 1048 1655 δρομῆς
1088 1588 1324 1657 μήτρας·

343 1703 428 1749 50.
474 1704 589 1759 Τοῖς
613 1695 943 1766 ἆγκυλωθεῐσι
969 1695 1225 1760 δακτύλοις
1254 1700 1605 1766 παραπλησίως
1635 1695 1688 1749 τὸ
1723 1695 1920 1765 στόμιον

228 1784 312 1845 τῆς
361 1777 562 1846 ὑστέρας
609 1779 692 1830 καὶ
739 1775 765 1830 ὃ
810 1777 1047 1846 τράχηλος
1093 1776 1411 1846 ἀποστροφὰς
1457 1778 1539 1829 καὶ
1590 1781 1921 1845 παρεγκλίσεις

227 1856 463 1927 ’ὑπομένει
500 1859 615 1912 ποτὲ
655 1859 743 1926 μὲν
783 1862 850 1920 εἰς
889 1856 946 1922 τὰ
985 1857 1182 1927 πλάγια,
1221 1859 1335 1912 ποτὲ
1369 1859 1422 1910 δὲ
1454 1861 1521 1921 εἰς
1552 1856 1609 1910 τὰ
1642 1860 1921 1926 ἔμπροσθεν

162 1963 204 1994 20
227 1941 308 1992 καὶ
348 1940 479 2006 ἄνω,
526 1939 641 1992 ποτὲ
681 1939 735 1991 δὲ
774 1942 842 2001 εἰς
879 1937 937 1990 τὰ
976 1937 1131 1991 ὀπίσω
1170 1941 1253 1991 καὶ
1298 1938 1454 2005 κάτω,
1502 1939 1617 1991 ποτὲ
1665 1939 1718 1991 δὲ
1768 1957 1919 2006 προσ·-

228 2018 514 2088 αναφεύγει.
591 2021 670 2071 καὶ
713 2023 924 2089 γίγνεται
962 2026 1111 2072 ταῦτα
1150 2015 1355 2087 φανερά
1381 2026 1436 2090 τῇ
1483 2041 1531 2072 τε
1577 2020 1776 2072 καθέσει
1824 2026 1920 2072 τῶν

228 2100 507 2166 δακτύλων,
553 2097 973 2169 καταλαμβάνεται
1018 2099 1110 2169 γὰρ
1159 2096 1241 2152 διὰ
1289 2106 1375 2168 τῆς
1421 2098 1557 2168 ἁφῆς
1604 2104 1671 2164 εἰς
1709 2098 1737 2154 ὃ
1777 2103 1919 2170 μέρος

348 2259 370 2296 1
404 2249 614 2308 ἄπραξια
647 2267 684 2298 c
831 2258 855 2297 3
891 2269 979 2297 ουκ
1011 2249 1151 2297 (inoff.
1187 2267 1210 2297 c
1243 2255 1377 2309 (corr.
1411 2253 1464 2308 Ε,
1497 2267 1553 2297 ex
1584 2251 1753 2310 Aetio).
1893 2259 1918 2297 6

228 2310 413 2366 εκρυσις
447 2312 568 2369 (sic):
604 2310 805 2370 ἔκκρισις
836 2314 939 2357 Aet.
1065 2318 1088 2356 7
1123 2310 1367 2370 σκυβάλων
1392 2313 1519 2356 Aen:
1546 2315 1649 2355 -λου
1675 2325 1712 2356 c.
1817 2309 1917 2382 βά-

225 2386 336 2427 ρους
372 2385 396 2414 e
429 2372 564 2426 (corr.
588 2371 660 2426 E).
786 2377 811 2415 9
844 2368 1097 2428 διάλειμμα
1129 2385 1154 2414 0
1187 2372 1319 2427 (corr.
1344 2371 1416 2427 Ε).
1542 2375 1597 2415 14
1629 2372 1737 2427 post
1766 2367 1916 2415 πόνου

226 2443 309 2485 seq
280 2445 322 2485 q.
357 2429 728 2473 additamentum
761 2443 817 2474 ex
845 2429 983 2474 Aetio
1015 2445 1059 2486 p.
1087 2435 1187 2484 267,
1216 2435 1389 2475 16-18
1421 2430 1476 2475 D.
1611 2435 1665 2474 19
1699 2430 1756 2473 cf.
1792 2428 1916 2475 Cael.

226 2502 300 2544 a.p
335 2487 460 2532 Orib.
493 2489 575 2533 lat.
608 2488 688 2544 VI,
721 2493 830 2533 362:
886 2493 927 2533 et
956 2503 1081 2533 nuuc
1111 2490 1164 2533 iu
1194 2490 1394 2546 obliqua,
1425 2502 1550 2534 nuno
1579 2490 1632 2533 in
1662 2490 1832 2533 altiora
1862 2503 1917 2533 ac

223 2549 487 2602 superiora,
525 2549 593 2591 vel
624 2549 883 2603 posteriora
914 2553 996 2592 aut
1025 2548 1192 2605 refuqa
1233 2550 1294 2593 ad
1325 2549 1547 2593 interiora
1583 2549 1917 2592 sustollitur

227 2606 358 2662 (item
389 2605 572 2649 Muscio
595 2620 682 2662 per
713 2612 928 2677 quattuor
951 2610 1141 2663 partes).
1323 2604 1436 2651 πότε
1469 2604 1523 2650 δὲ
1557 2604 1626 2657 εἰς
1655 2603 1714 2650 τὰ
1749 2604 1915 2677 ἔμπρο-

225 2668 344 2709 σθεν
384 2663 496 2709 ποτὲ
540 2662 593 2708 δὲ
638 2662 704 2715 εἰς
741 2662 799 2708 τὰ
840 2661 988 2709 ὀπισω
1030 2665 1110 2709 καὶ
1141 2665 1254 2709 ποτὲ
1289 2663 1376 2721 μὲν
1409 2682 1506 2709 aveo
1539 2662 1653 2709 ποτὲ
1686 2663 1740 2709 δὲ
1773 2662 1913 2720 κάτω,

222 2723 336 2768 ποτὲ
372 2721 425 2767 δὲ
457 2720 851 2780 προαναμφεύγει
883 2738 922 2768 c.
1075 2728 1131 2768 20
1163 2724 1221 2767 cf.
1253 2724 1453 2769 Muscio:
1502 2725 1752 2780 aliquando
1782 2729 1823 2769 et
1854 2725 1916 2769 ad
1955 2770 1981 2777 ι,

223 2783 477 2838 superiores
493 2786 652 2839 partes
675 2784 812 2839 fuyit.
920 2787 974 2826 21
1011 2780 1208 2827 καθέσει
1241 2783 1532 2839 (immissione
1556 2784 1657 2838 lat.)
1681 2781 1741 2826 E:
1774 2799 1914 2826 κατα-

222 2841 360 2886 θέσει
393 2856 430 2886 ο.
555 2845 611 2885 22
645 2839 702 2887 ef.
737 2841 818 2885 lab.
846 2840 968 2886 Cael.
1002 2846 1128 2886 tactu
1157 2842 1277 2886 enim
1305 2843 1503 2898 probata
1533 2843 1793 2887 sentiuntur
1826 2844 1911 2886 eto.
