2014 3162
737 110 1132 163 —265—

96 251 210 313 μιᾶς
246 241 549 312 τρεφόμενον
587 247 919 311 συνειθίσθαι,
957 244 1042 296 καὶ
1079 249 1286 312 νοσῆσαι
1318 246 1596 314 δυναμένης
1627 245 1779 315 αὐτῆς

93 327 177 379 καὶ
215 323 515 391 ἀποθανεῖν,
564 322 776 393 ὁπηνίκα
811 331 870 396 τῇ
908 323 1093 395 ἀλλαγῇ
1130 330 1216 378 τοῦ
1255 325 1489 395 γάλακτος
1526 328 1641 381 ποτὲ
1690 329 1779 396 μὲν

94 410 409 469 ξενοπαθοῦν
446 411 666 458 λυπεῖται
702 404 754 459 τὸ
793 404 994 474 νήπιον,
1032 405 1148 459 ποτὲ
1187 405 1241 459 δὲ
1270 408 1351 458 καὶ
1382 414 1627 471 παντελῶς
1657 407 1779 462 ἀπο·

96 484 425 555 στρεφόμενον
462 492 584 558 λιμῷ
623 490 975 557 διαφθείρεται.

357 697 574 745 XXXIII
627 695 776 760 Περὶ
815 696 1171 761 δοκιμασίας
1209 692 1511 763 γάλακτος.

205 817 288 866 90.
351 817 448 863 Δεῖ
488 810 542 863 δὲ
587 811 670 863 καὶ
716 808 834 863 αὐτὸ
889 812 1263 880 προσεχέστερον
1314 811 1366 866 τὸ
1421 811 1546 882 γάλα
1597 817 1782 882 κρίνειν

90 890 225 955 ὅπως
270 891 467 961 ἄριστον
512 886 558 962 ᾗ.
636 890 942 958 δοκιμάζεται
989 892 1044 945 δὲ
1088 899 1284 961 πρῶτον
1334 894 1422 960 μὲν
1467 895 1521 946 ἐκ
1567 901 1653 948 τοῦ
1691 894 1782 963 τὴν

89 972 263 1041 τιτθὴν
311 971 543 1041 τοιαύτην
596 970 836 1040 ὑπάρχειν
891 974 1004 1026 οἵαν
1057 972 1150 1041 τὴν
1199 972 1401 1042 ἀρίστην
1446 972 1780 1044 ὑπεδείξαμεν,

90 1053 317 1123 δεύτερον
357 1054 410 1107 δὲ
450 1055 503 1107 ἐκ
541 1054 628 1108 τοῦ
667 1052 719 1107 τὸ
759 1052 856 1107 ὑπὸ
895 1046 1092 1122 ταύτης·
1110 1054 1414 1123 τρεφόμενον
1452 1059 1654 1110 παιδίον
1700 1055 1780 1109 εὖ-

88 1134 277 1190 εκτικὸν
306 1133 558 1204 ὑπάρχειν.
622 1130 682 1188 οὗ
723 1133 821 1203 μὴν
860 1136 965 1189 ἐπεὶ
1003 1135 1207 1204 σημεῖόν
1245 1138 1341 1189 ἐστι
1379 1142 1466 1190 τοῦ
1504 1138 1781 1205 ἐπιτηδείου

88 1216 324 1287 γάλακτος
363 1214 613 1270 εὐεκτικὸν
653 1214 712 1270 ὂν
749 1215 802 1270 τὸ
836 1218 885 1280 ἐξ
917 1215 1070 1271 αὐτοῦ
1101 1217 1406 1286 τρεφόμενον
1437 1221 1656 1285 παιδίον,
1697 1216 1779 1271 διὰ

87 1304 227 1352 τοῦτο
266 1300 349 1351 καὶ
379 1297 668 1352 τούναντίον
698 1303 784 1351 τοῦ
817 1303 1014 1365 φαῦλον
1046 1306 1250 1367 σημεῖον
1281 1296 1345 1352 ἂν
1375 1299 1580 1368 γένοιτο,
1619 1298 1781 1352 καθά-

90 1400 178 1446 περ
217 1377 462 1448 ὑπολάβοι
501 1401 588 1445 τις,
627 1377 680 1432 τὸ
720 1377 999 1447 ἀτρόφητον
1036 1383 1251 1434 παιδίον.
1316 1381 1555 1449 ἐνδέχεται
1596 1379 1689 1450 γὰρ
1725 1378 1780 1434 τὸ

87 1459 212 1531 γάλα
260 1461 347 1528 μὲν
387 1459 661 1529 ἐπιτήδειον
700 1458 856 1527 εἶναι,
900 1459 953 1514 τὸ
993 1460 1062 1513 δὲ·
1084 1464 1286 1515 παιδίον
1324 1460 1423 1514 ὑπό
1460 1482 1593 1524 τινος
1627 1459 1782 1563 νοση-

90 1563 236 1609 ματος
282 1543 630 1610 ἐμποδίζεσθαι
677 1540 800 1611 πρὸς
845 1540 936 1610 τὴν
975 1540 1227 1610 εὖεκτικην
1273 1542 1473 1611 θρέψιν.
1559 1543 1642 1594 καὶ
1687 1540 1780 1611 γὰρ

87 1630 185 1676 τῶν
221 1627 416 1676 τελείων
455 1627 508 1677 οἱ
540 1629 802 1686 νοσοῦντες
833 1622 1104 1692 ἀτροφοῦσι
1137 1624 1220 1675 καὶ
1251 1629 1336 1691 τῆς
1366 1621 1564 1692 ἀρίστης
1593 1623 1783 1691 τροφῆς

89 1703 541 1773 μεταλαμβάνοντος
578 1710 667 1757 τοῦ
707 1703 927 1772 σώματος
967 1707 1259 1772 φθείροντες
1295 1702 1348 1757 τὸ
1388 1705 1580 1772 θρέψαι
1626 1700 1782 1756 δυνά-

90 1806 260 1853 μενον,
313 1783 541 1853 καθάπερ
595 1786 678 1838 καὶ
724 1784 783 1838 τὰ
806 1783 983 1884 ὂξηρὰ
1026 1791 1124 1838 τῶν
1170 1783 1380 1854 ἀγγείων
1425 1783 1650 1850 ἀφανίζει
1695 1783 1782 1838 τὸν

89 1865 376 1935 ἐγχεόμενον
417 1864 556 1919 οἶνον
595 1870 664 1929 εἰς
703 1865 827 1920 αὐτὰ
865 1889 962 1918 καν
999 1866 1193 1934 άριστος
1231 1868 1277 1933 ἡ.

203 1960 286 2007 91.
347 1957 506 2021 τρίτον
556 1955 610 2007 ἐκ
653 1960 752 2008 τῶν
803 1954 1183 2023 συμβεβηκότων
1228 1960 1293 2023 τῷ
1340 1952 1563 2024 γάλακτι,
1615 1953 1779 2023 χρόας,

41 2097 48 2104 α
89 2033 267 2103 ὀσμῆς,
307 2033 602 2101 συστάσεως,
641 2034 849 2104 πήξεως,
887 2042 973 2104 τῆς
1010 2034 1134 2104 πρὸς
1170 2041 1338 2105 γεῦσιν
1375 2034 1656 2103 ποιότητος,
1695 2041 1782 2103 τῆς

89 2117 143 2168 ἐν
180 2115 340 2189 χρόνῳ
381 2119 810 2185 δυσμεταβλησίας.

199 2196 346 2266 χρόας
387 2198 496 2265 μὲν,
545 2201 589 2250 εἰ
623 2196 801 2251 λευκόν
839 2199 937 2251 ἐστι
975 2199 1269 2266 συμμέτρως.
1345 2196 1397 2250 τὸ
1438 2197 1526 2264 μὲν
1564 2195 1657 2265 γὰρ
1694 2216 1780 2249 πε-

88 2276 259 2331 λιδνὸν
303 2275 336 2346 ἢ
382 2276 673 2347 ὑπόχλωρον
725 2281 998 2347 ἔφθαρται,
1043 2277 1095 2332 τὸ
1144 2279 1198 2330 δὲ
1243 2281 1476 2347 γυψῶδες
1521 2276 1652 2346 παχὺ
1698 2279 1781 2330 καὶ

90 2358 531 2427 δυσοικονόμητον,
583 2358 637 2413 τὸ
687 2360 740 2412 δὲ
788 2359 979 2423 ξανθὸν
1032 2359 1250 2412 ἄπεπτον
1294 2360 1377 2411 καὶ
1423 2357 1779 2428 ἀκατέργαστον

89 2441 170 2492 καὶ
211 2438 292 2492 διὰ
332 2445 472 2493 τοῦτο
511 2439 602 2509 τὴν
641 2440 894 2509 αἱματώδη
934 2439 1086 2510 χρόαν
1125 2442 1365 2508 ἐμφαίνει.

210 2619 234 2657 1
268 2614 378 2671 μιᾶς
408 2614 468 2660 E:
500 2616 613 2674 μίαν
647 2630 684 2661 c.
810 2617 1115 2661 συνειθίσθαι
1148 2614 1258 2659 DE:
1292 2617 1612 2672 συνηθεισθαι
1644 2628 1681 2658 ο.

94 2676 119 2716 9
152 2673 345 2717 παιδίον
374 2675 482 2731 post
512 2690 644 2731 τρεφ.
678 2676 767 2721 del.
802 2675 862 2718 E²
892 2691 937 2733 p.
956 2681 1011 2720 41
1049 2676 1181 2749 (stem
1212 2674 1334 2719 infra
1364 2676 1472 2732 post
1485 2690 1631 2748 τρεφ.
1665 2689 1707 2718 v.
1726 2678 1777 2716 11

92 2732 138 2776 et
166 2733 276 2788 post
305 2727 473 2805 ἆτροφ.
505 2738 658 2806 v.13).
753 2740 809 2780 10
843 2731 947 2780 ἐπεὶ
978 2734 1059 2778 E²z
1095 2732 1162 2778 ἔτι
1195 2749 1231 2778 c.
1358 2739 1410 2777 11
1445 2728 1690 2778 εὐεκτικὸν
1723 2726 1780 2774 ὂν

89 2787 142 2833 τὸ
176 2790 293 2847 (E2):
327 2787 380 2835 τὸ
415 2788 660 2838 εὐεκτικὸν
693 2808 731 2840 c.
879 2800 933 2838 13
965 2791 1077 2851 γὰρ·
1110 2791 1161 2837 δε
1197 2807 1234 2838 c.
1360 2796 1413 2836 18
1446 2792 1526 2836 καὶ
1557 2792 1666 2835 ante
1696 2786 1779 2834 τὸν

90 2848 263 2907 repetit
294 2864 316 2894 c
350 2850 457 2907 (del.
490 2850 549 2894 E'
581 2867 625 2908 p
651 2855 740 2910 41).

1804 1160 1847 1191 10

1806 1563 1848 1596 15

1804 1976 1847 2008 20

1804 2380 1847 2413 25
