2014 3162
164 741 275 801 Εἰς
312 736 539 801 πόσους
576 740 670 790 καὶ
707 741 873 801 τίνας
912 737 1124 806 λόγους
1162 736 1411 806 τμητέον
1448 737 1554 806 τὴν
1591 745 1705 792 τῶν

555 822 919 887 γυναικείων
957 818 1310 887 παράδοσιν.

243 942 287 988 1.
323 934 460 988 Ἐπεὶ
497 933 620 1004 πρὸς
657 933 709 988 τὸ
749 940 845 987 τῶν
884 930 1345 1004 ἀποδυθησομένων
1383 935 1706 1006 εὖαπόκριτον
1745 936 1776 1005 ἡ

85 1021 175 1084 τῆς
212 1019 539 1085 πραγματείας
579 1015 901 1085 συμβάλλεται
940 1019 1195 1085 διαίρεσις,
1246 1017 1512 1086 εὔχρηστον
1550 1021 1619 1080 εἰς
1659 1019 1779 1086 μέρη

91 1098 174 1150 καὶ
226 1093 406 1167 λόγους
460 1095 616 1165 αὐτὴν
672 1100 959 1166 διαιροῦντα
1011 1097 1435 1167 προκαταγράψαι.
1519 1098 1646 1160 τινὲς
1693 1099 1782 1166 μὲν

86 1173 184 1232 οὖν
228 1181 297 1242 εἰς
335 1177 429 1231 δύο
470 1178 589 1245 μέρη
637 1178 900 1244 τέμνουσιν
939 1177 1118 1246 αὐτήν,
1175 1181 1244 1242 εἴς
1289 1200 1337 1231 τε
1383 1176 1437 1232 τὸ
1475 1178 1781 1246 θεωρητικὸν

86 1260 172 1312 >καὶ
198 1257 249 1313 τὸ
276 1257 559 1328 πρακτικόν,
591 1265 678 1312 τοῦ
704 1259 758 1312 δὲ
781 1265 1048 1327 πρακτικοῦ
1078 1257 1130 1312 τὸ
1156 1259 1246 1326 μὲν
1269 1257 1488 1328 ὑγιεινὸν
1510 1259 1704 1326 λέγουσι
1727 1258 1779 1312 τὸ

91 1339 146 1392 δὲ
179 1338 552 1408 θεραπευτικόν.
599 1341 682 1392 καὶ
721 1343 772 1393 οἵ
798 1340 887 1407 μὲν
918 1343 986 1403 εἰς
1016 1338 1068 1394 τὸ
1100 1342 1212 1408 περὶ
1241 1346 1339 1393 τῶν
1368 1338 1490 1394 κατὰ
1515 1339 1668 1405 φύσιν
1698 1341 1781 1392 καὶ

85 1419 143 1474 τὸ
180 1422 291 1490 περὶ
328 1427 426 1473 τῶν
463 1419 598 1489 παρὰ
637 1420 809 1488 φύσιν,
851 1424 902 1474 οἷ
936 1421 990 1473 δὲ
1029 1424 1097 1485 εἰς
1135 1420 1187 1475 τὸ
1228 1419 1580 1490 φυσιολογικὸν
1616 1422 1697 1472 καὶ
1727 1419 1779 1474 τὸ

90 1500 432 1571 παθολογικὸν
477 1503 560 1554 καὶ
605 1500 656 1555 τὸ
703 1500 1075 1570 θεραπευτικόν.
1152 1500 1292 1570 ἡμεῖς
1331 1502 1384 1554 δὲ
1429 1500 1519 1569 τὴν
1556 1523 1780 1571 πραγμα-

46 1639 48 1641 ,
89 1587 226 1636 τείαν
272 1586 340 1646 εἰς
372 1582 466 1637 δύο
507 1582 685 1653 λόγους
722 1585 981 1652 τέμνομεν,
1032 1587 1100 1646 εἴς
1147 1605 1195 1636 τε
1232 1581 1319 1636 τὸν
1362 1585 1474 1650 περὶ
1511 1589 1596 1651 τῆς
1634 1587 1781 1651 μαίας

89 1665 172 1717 καὶ
210 1663 296 1718 τὸν
333 1666 443 1732 περὶ
475 1670 573 1717 τῶν
604 1662 983 1719 ὑποπιπτόντων
1013 1671 1069 1736 τῇ
1100 1668 1233 1736 μαίᾳ.
1290 1671 1337 1717 2.
1369 1664 1555 1718 τούτων
1581 1666 1634 1718 δὲ
1658 1665 1779 1718 κατὰ

87 1744 142 1799 τὸ
180 1743 496 1814 ὖποβεβηκὸς
533 1744 619 1799 τὸν
659 1747 748 1814 μὲν
786 1749 896 1815 περὶ
933 1752 1019 1815 τῆς
1058 1749 1203 1814 μαίας
1242 1749 1310 1808 εἴς
1347 1767 1396 1798 τε
1433 1744 1519 1798 τὸν
1556 1748 1667 1815 περὶ
1697 1752 1782 1814 τῆς

91 1827 438 1897 γενησομένης,
490 1828 545 1880 ἐν
584 1821 623 1901 ᾧ
662 1831 899 1895 ζητοῦμεν
935 1831 1005 1890 τίς
1045 1829 1172 1880 ἐστιν
1214 1824 1242 1894 ἡ
1281 1828 1565 1894 ἐπιτηδείως
1603 1830 1781 1895 ἔχουσα

87 1906 212 1975 πρὸς
257 1906 309 1961 τὸ
356 1908 587 1977 γενέσθαι
634 1916 778 1976 μαῖα,
825 1910 907 1961 καὶ
947 1911 1015 1972 εἰς
1052 1907 1137 1961 τὸν
1175 1909 1285 1976 περὶ
1323 1913 1408 1975 τῆς
1445 1906 1543 1976 ἤδη
1583 1929 1780 1977 γεγενη-

87 1989 262 2057 μένης,
309 1990 363 2042 ἕν
412 1982 450 2062 ᾧ
497 1991 733 2057 ζητοῦμεν
783 1993 852 2053 τίς
899 1988 1069 2059 ἀρίστη
1110 1997 1244 2058 μαῖα.
1319 1987 1405 2042 τὸν
1445 1989 1498 2042 δὲ
1536 1991 1645 2058 περὶ
1683 1995 1781 2042 τῶν

213 2153 236 2192 1
270 2147 380 2194 Cod.
413 2148 517 2193 Par.
550 2149 582 2192 f.
616 2153 729 2194 220²
764 2149 830 2195 sic
862 2148 1030 2207 incipit
1061 2149 1160 2210 sine
1194 2148 1381 2194 nomine
1413 2148 1617 2193 auctoris
1649 2147 1781 2192 libri-

87 2220 179 2265 que
210 2205 530 2265 inscriptione,
565 2208 645 2252 sed
675 2209 724 2252 in
758 2222 939 2253 summa
969 2207 1144 2266 pagina
1166 2221 1288 2252 nunc
1312 2207 1410 2253 sive
1434 2206 1781 2252 bibliothecarii

88 2265 331 2311 cuiusdam
371 2266 466 2310 sive
503 2267 780 2341 possessoris
821 2281 964 2312 manu
1001 2266 1239 2324 pinguiter
1278 2266 1566 2337 adscriptum
1605 2265 1780 2323 legitur

92 2323 347 2397 σωρανός
374 2322 432 2377 '5'
452 2325 500 2383 (ἰ.
526 2339 565 2371 e.
600 2322 755 2383 ἐστιν).
901 2331 931 2370 4
962 2327 1209 2383 διαίρεσις-ε
1242 2322 1359 2382 πρὸς
1386 2327 1392 2382 1
1420 2326 1648 2382 διαίρεσις
1679 2324 1779 2369 cod.

89 2385 188 2441 (ubi
225 2381 342 2442 πρὸς
380 2385 503 2442 quod
542 2383 592 2429 in
629 2385 719 2430 fine
758 2399 920 2430 versus
961 2386 1186 2442 scriptum
1225 2385 1296 2429 est
1333 2397 1487 2429 errore
1529 2382 1780 2440 repetitum

89 2443 276 2488 videtur
306 2457 362 2488 ex
395 2460 436 2490 v.
461 2446 521 2500 3).
644 2448 670 2488 5
703 2442 952 2502 διαιρόντα
985 2444 1087 2511 (sic)
1122 2443 1269 2488 codex
1300 2443 1427 2488 cuius
1458 2443 1507 2486 in
1538 2442 1779 2487 vocalibus

93 2503 368 2559 praesertim
399 2501 618 2548 notandis
649 2503 941 2548 vitiosissimi
973 2503 1226 2560 scripturas
1258 2516 1287 2546 a
1318 2502 1499 2547 Dietzio
1531 2501 1781 2558 diligenber

91 2561 324 2607 exhibitas
354 2576 441 2619 ego
473 2562 550 2606 hic
583 2562 842 2607 omittenda
874 2563 1032 2608 censui
1065 2577 1169 2606 cum
1200 2561 1323 2606 Erm.
1470 2566 1494 2605 7
1527 2561 1635 2617 post
1664 2576 1780 2612 πρα-

93 2617 275 2664 κτικόν.
307 2640 365 2660 (ν
398 2621 606 2677 sequitur
635 2621 684 2666 in
715 2622 814 2667 cod.
848 2621 983 2666 unius
1012 2620 1165 2665 lineae
1198 2620 1403 2677 spabium
1433 2633 1645 2665 vacuum
1702 2618 1780 2662 de-

91 2677 201 2724 inde
236 2676 301 2724 Τὸ
336 2678 390 2724 δε
422 2677 694 2751 πρακτικὸν
713 2677 764 2725 τὸ
798 2697 886 2738 μεν
919 2682 1007 2727 etc.
1039 2681 1175 2737 (corr.
1209 2679 1278 2731 E).
1459 2682 1486 2722 8
1518 2678 1602 2722 τοῦ
1636 2693 1779 2721 κατα-

91 2751 238 2794 φυσιν
269 2738 350 2783 καὶ
380 2755 464 2784 του
495 2735 773 2810 παραφύσιν
798 2741 932 2797 (corr.
957 2738 1027 2810 E).
1152 2743 1178 2783 9
1211 2737 1291 2782 καὶ
1321 2739 1440 2782 παθ.
1475 2737 1555 2781 καὶ
1577 2738 1683 2791 θερ.
1711 2732 1778 2790 (τὸ

93 2795 200 2841 add.
232 2797 300 2852 Ε).
439 2802 492 2841 12
525 2794 608 2843 τὸν
640 2798 746 2844 add.
770 2798 822 2843 E.
992 2794 1303 2842 ὑπὸπτόντων
1335 2797 1469 2854 (corr.
1510 2794 1584 2850 D).
1726 2797 1781 2836 14

97 2847 207 2899 ἐντ
178 2871 208 2911 η
242 2858 374 2912 (corr.
408 2856 479 2912 D).

1805 1113 1826 1145 5

1805 1518 1847 1550 10

1807 1923 1846 1955 15
