2014 3162
772 93 1175 145 -233-

131 227 213 279 καὶ
257 227 424 293 πηδᾶν
468 224 551 276 καὶ
597 223 853 292 βαστάζειν
898 223 955 277 τὰ
1003 222 1128 292 ὑπὲρ
1169 223 1380 293 δύναμιν
1419 226 1573 295 βάρη,
1620 225 1818 295 ἀφεψή-

130 323 246 375 μασι
292 306 346 358 δὲ
393 309 722 374 διουρητικοῖς
767 312 1036 375 κεχρῆσθαι
1081 312 1182 368 τοῖς
1220 308 1515 373 δυναμένοις
1552 309 1635 360 καὶ
1674 331 1820 361 κατα-

129 385 279 456 μήνια
317 394 488 454 κινεῖν,
526 388 609 439 καὶ
646 385 737 455 τὴν
774 388 980 456 γαστέρα
1018 385 1274 439 λαπάττειν
1310 389 1394 439 καὶ
1424 388 1614 451 κλύζειν
1648 393 1820 458 δριμυ-

126 469 281 538 τέροις
318 466 579 536 κλύσμασι,
618 473 788 539 θερμῷ
818 488 866 520 τε
897 468 1039 539 ἐλαίῳ
1079 469 1162 520 καὶ
1198 474 1370 537 γλυκεῖ
1400 470 1516 522 ποτὲ
1556 470 1643 537 μὲν
1681 471 1818 538 ε’γχυ-

129 550 450 618 ματιζομένην
497 549 612 603 ποτὲ
660 549 713 601 δὲ
764 549 1189 617 συναλειφομένην
1235 548 1356 617 ὅλην
1401 551 1484 602 καὶ
1528 551 1819 618 τριβομένην
1843 574 1864 606 5

118 629 342 694 -εὖτόνως
385 631 468 683 καὶ
514 628 717 698 μάλιστα
763 631 874 698 περὶ
918 628 970 683 τὸ
1010 629 1257 699 ἐφήβαιον
1294 632 1375 684 καὶ
1418 629 1471 684 τὸ
1512 629 1819 700 ἐπιγάστριον

127 713 210 764 καὶ
246 711 336 780 τὴν
375 710 541 779 ὀσφὺν
580 712 664 763 καὶ
701 711 979 778 λουομένην
1016 709 1134 763 καθ’
1177 710 1366 780 ἡμέραν
1405 713 1459 764 έν
1496 717 1561 785 τῷ
1601 710 1666 779 μὴ
1707 715 1818 763 λίαν

127 796 270 864 ζεστῷ
309 791 452 846 ὕδατι
482 799 652 862 γλυκεῖ
678 793 762 844 καὶ
792 799 892 854 τοῖς
921 798 1144 859 λουτροῖς
1175 794 1552 862 έγχρονίζουσαν
1583 795 1666 846 καὶ
1696 813 1818 860 προ-

127 877 371 926 πίνουσαν
395 872 619 941 οἰνάριον
642 873 724 924 καὶ
756 875 1184 941 δριμυφαγοῦσαν.
1223 877 1267 926 εἰ
1297 873 1350 925 δὲ
1382 873 1465 942 μή,
1497 875 1578 926 καὶ
1609 879 1819 936 τοπικῶς

127 955 486 1023 ἒγκαθίζουσαν
525 957 592 1016 εἰς
631 951 880 1021 ἆφέψημα
918 954 1245 1022 λινοσπέρμου
1276 954 1456 1023 τήλεως
1488 953 1704 1023 μαλάχης
1736 953 1814 1006 ἄλ·
1841 980 1883 1011 10

126 1038 278 1098 θαίας
315 1033 591 1104 ἆρτεμισίας
628 1035 712 1086 καὶ
751 1036 1220 1103 καταπλασσομένην
1257 1043 1358 1099 τοῖς
1391 1035 1574 1102 αὐτοῖς,
1613 1038 1820 1105 ε’γχυμα-

125 1118 382 1184 τιζομένην
420 1116 476 1169 δὲ
511 1122 577 1189 τῷ
616 1121 808 1189 παλαιῷ
847 1118 992 1186 ε’λαίῳ
1031 1114 1136 1169 κατ’
1173 1119 1307 1169 ἰδίαν
1336 1114 1368 1184 ἢ
1400 1118 1484 1170 καὶ
1516 1116 1630 1184 μετὰ
1661 1114 1821 1185 πηγά-

127 1219 220 1251 νου
259 1202 437 1267 χυλοῦ,
483 1198 599 1250 ποτὲ
639 1197 693 1249 δὲ
730 1199 816 1250 καὶ
855 1198 1063 1266 μέλιτος,
1110 1195 1143 1265 ἢ
1182 1201 1349 1269 ἰρίνῳ,
1388 1195 1420 1265 ἢ
1461 1196 1688 1270 ἀψινθίῳ
1728 1196 1821 1250 σὺν

126 1279 300 1347 μέλιτι,
347 1276 380 1347 ἢ
429 1277 732 1345 ὄποπάνακι,
783 1301 815 1346 η
863 1278 1021 1343 άλλως
1067 1278 1258 1380 χόνδρῳ
1307 1301 1421 1347 μετα
1468 1278 1698 1349 πηγάνου
1738 1280 1820 1331 καὶ

126 1360 336 1427 μέλιτος,
382 1357 414 1428 ἢ
456 1359 593 1432 μύρῳ
635 1365 866 1433 συριακῷ.
942 1381 1038 1412 καν
1076 1361 1307 1430 ἐπιμένῃ,
1353 1360 1820 1427 καταπλασσομένην
1846 1383 1888 1416 15

127 1443 295 1510 μηκέτι
340 1449 442 1505 τοῖς
487 1449 677 1505 κοινοῖς
714 1437 1117 1510 καταπλάσμασιν
1156 1440 1278 1494 ἄλλα
1317 1447 1417 1505 τοῖς
1457 1440 1539 1493 διὰ
1578 1443 1819 1510 θερμίνου

128 1521 340 1591 ἆλεύρου
373 1521 488 1591 μετὰ
526 1528 673 1591 χολῆς
709 1526 936 1592 ταυρείας
973 1525 1058 1575 καὶ
1095 1522 1362 1590 ἀψινθίου,
1401 1524 1485 1575 καὶ
1522 1530 1623 1585 τοῖς
1662 1519 1822 1589 ὁμοιο-

126 1604 286 1673 γενέσι
323 1609 421 1657 τῶν
459 1602 770 1671 ἕπιθεμάτων
807 1605 1076 1673 χρωμένην.

242 1691 324 1739 65.
385 1683 475 1754 τὴν
530 1685 585 1738 δὲ
639 1686 910 1752 μέλλουσαν
964 1689 1193 1754 φθείρειν
1238 1684 1328 1754 χρὴ
1375 1683 1470 1754 πρὸ
1520 1683 1612 1738 δύο
1661 1682 1692 1752 ἢ
1739 1685 1822 1737 καὶ

125 1772 275 1835 τριῶν
318 1764 516 1836 ἡμερῶν
560 1772 783 1835 λουτροῖς
830 1767 1051 1834 συνεχέσι
1103 1773 1318 1836 χρῆσθαι
1367 1767 1450 1819 καὶ
1504 1764 1819 1836 ὀλιγοτροφίᾳ
1841 1791 1885 1823 20

126 1849 210 1900 καὶ
240 1854 437 1911 πεσσοῖς
469 1854 798 1915 μαλακτικοῐς,
837 1849 921 1900 καὶ
953 1850 1093 1901 οἴνου
1126 1847 1412 1917 ἀπέχεσθαι,
1452 1845 1551 1900 εἶτα
1587 1851 1820 1916 φλεβοτο-

131 1934 240 1995 μεῖν
292 1930 375 1981 καὶ
427 1934 595 1982 πλεῖον
651 1927 899 1998 ἀφαιρεῖν.
991 1927 1043 1982 τὸ
1099 1929 1192 1999 γὰρ
1246 1928 1344 1983 ὑπὸ
1393 1927 1820 1998 Ἱπποκράτους

129 2011 386 2078 εἰρημένον
426 2012 480 2063 ἐν
516 2017 617 2072 τοῖς
655 2009 949 2079 ἆφορισμοῖς
988 2013 1032 2063 εἰ
1063 2013 1147 2063 καὶ
1179 2010 1243 2079 μὴ
1277 2013 1357 2064 ἐπὶ
1389 2009 1822 2081 στεγνοπαθούσης

128 2089 250 2144 ἀλλὰ
297 2093 377 2144 ἐπὶ
422 2090 766 2162 ὑγιαινούσης,
817 2092 1002 2161 ἆληθές
1046 2092 1196 2163 γυνή
1245 2094 1307 2145 ἐν
1353 2093 1558 2162 γαστρὶ
1604 2094 1820 2160 ἔχουσα

129 2177 657 2242 φλεβοτομηθεῖσα
696 2173 1087 2244 ἐκτιτρώσκει.
1151 2172 1217 2237 ὦς
1246 2172 1340 2243 γὰρ
1372 2171 1521 2241 ἱδρὼς
1550 2173 1633 2224 καὶ
1664 2162 1818 2240 οὖρον
1842 2195 1886 2227 25

129 2251 161 2322 ἢ
208 2253 458 2323 σκύβαλον
504 2253 925 2324 ὗπεκχαλωμένων
974 2262 1073 2308 τῶν
1125 2253 1448 2323 περιεχόντων
1500 2251 1591 2320 τὴν
1645 2251 1820 2306 οὐσίαν

250 2426 275 2466 7
309 2418 371 2479 μὴ
404 2423 510 2466 λίαν
541 2422 600 2468 Ε.
633 2423 836 2480 μηὸειᾶν
869 2423 971 2479 (sic)
1005 2437 1043 2467 e.
1198 2427 1253 2466 14
1285 2418 1454 2473 άλλωςε
1489 2417 1630 2471 αλλας
1661 2434 1699 2465 ο.

133 2485 187 2524 17
219 2481 300 2525 καὶ
331 2486 429 2532 τοῖς
461 2495 550 2526 om.
583 2496 621 2527 e.
747 2487 801 2527 18
835 2478 1144 2555 ἐπιθημάτων
1177 2481 1331 2553 (sie)c
1466 2478 1711 2554 χρωμένην
1745 2479 1818 2535 (cf.

131 2539 336 2596 χρῆσθαι
367 2539 491 2598 Aeb.)
524 2541 630 2585 add.
663 2542 700 2586 E
733 2540 833 2599 (καὶ
865 2539 1109 2598 χρωμένην
1140 2545 1238 2591 τοῖς
1270 2537 1380 2598 ὁμί.)
1467 2541 1575 2597 post
1609 2536 1736 2583 έπιθ.
1770 2537 1819 2581 in

132 2612 157 2642 e
202 2601 459 2656 sequuntur
499 2601 644 2645 verba
688 2597 740 2645 ἐν
785 2599 855 2651 οἷς
900 2598 996 2646 ἐστὶ
1038 2600 1119 2645 καὶ
1160 2600 1300 2644 τοῦτο
1340 2598 1509 2656 quibus
1540 2598 1822 2642 inducuntur

134 2671 255 2713 quae
286 2660 395 2703 sunt
424 2659 651 2716 Aspasiae
683 2660 808 2717 apud
832 2659 1019 2705 Aetium
1046 2674 1151 2704 eum
1176 2659 1282 2703 aliis
1307 2659 1474 2703 deinde
1499 2671 1617 2716 quae
1643 2656 1822 2701 omittit

135 2730 180 2770 c,
225 2716 534 2763 cohaerentia
596 2719 713 2763 haee
744 2719 878 2764 deleo
899 2735 956 2789 p.
984 2724 1054 2775 63,
1080 2723 1270 2773 8-64,
1298 2724 1321 2763 7
1355 2717 1409 2763 D
1591 2721 1646 2759 22
1675 2715 1818 2786 Hipp.

133 2775 339 2830 111‚743.
461 2781 519 2820 24
549 2777 629 2821 καὶ
660 2780 768 2850 post
799 2774 915 2822 αλλα
948 2779 1053 2822 add.
1088 2792 1112 2822 e
1146 2779 1252 2833 (om.
1284 2776 1354 2834 Ε).
1486 2781 1542 2820 25
1575 2771 1819 2830 ἷδρώσκειν

132 2833 213 2878 καὶ
245 2848 270 2877 c
303 2835 436 2891 (corr.
460 2836 530 2890 Ε).
653 2793 709 2882 2Ρ6
740 2833 768 2893 ἢ
801 2834 1037 2894 σκύβαλον
1069 2837 1131 2880 D:
1166 2835 1233 2887 εἰς
1265 2851 1332 2880 σκ.
1367 2850 1405 2880 0.
1527 2831 1746 2889 ὑπερχαλ.
1780 2846 1820 2876 c.
