2014 3162
723 148 790 153 ——
871 116 1126 170 335—

79 248 222 303 ὕδατι
244 249 522 318 βραχέντων
545 245 576 316 ἢ
602 246 851 322 ὄξυκράτῳ
876 247 908 318 ἢ
933 247 1033 313 ὄξει
1055 248 1159 302 κατ’
1188 253 1337 316 ἰδίαν,
1370 252 1611 316 ἐπιθέσεις
1640 252 1762 305 κατὰ

77 335 166 384 τοῦ
218 332 414 384 αἰδοίου
467 331 549 382 καὶ
602 335 688 383 τοῦ
741 332 988 399 ἐφηβαίου
1038 333 1118 383 καὶ
1169 336 1256 399 τῆς
1305 329 1495 398 ὀσφύος
1538 335 1622 386 καὶ
1665 340 1762 387 τῶν

79 413 262 480 ἰσχίων,
301 409 504 480 ὕστερον
545 411 598 464 δὲ
628 412 712 464 καὶ
741 409 862 464 κατὰ
895 410 1127 479 στήθους,
1165 413 1249 465 καὶ
1280 414 1620 481 συνεχέστερον
1650 436 1760 467 νεα-

80 492 466 560 ροποιουμένων,
519 493 602 544 καὶ
647 498 745 546 τῶν
791 491 956 560 ἄκρων
1001 492 1285 563 προστυπὴς
1331 491 1643 562 διακρᾶτησις
1680 497 1762 547 καὶ

80 571 375 643 διᾶσφιγξις,
414 572 467 627 τὸ
507 572 600 643 γὰρ
639 575 693 627 ἐκ
731 580 817 642 τῆς
853 578 1076 642 θλίψεως
1112 573 1356 642 πύκνωμα
1388 576 1523 643 μέχρι
1552 581 1640 629 τοῦ
1669 575 1759 629 πά·
1786 600 1808 633 5

80 673 278 723 σχοντος
317 656 598 724 διαφέρεται
637 656 831 725 μέρους,
870 657 951 708 καὶ
981 654 1013 724 ἢ
1046 659 1114 719 εἰς
1151 655 1348 726 ψυχρὸν
1385 655 1522 726 ὕδωρ
1560 657 1763 721 κᾶθεσις

78 742 165 790 τοῦ
203 734 471 805 προσώπου
509 734 541 805 ἢ
580 736 995 807 περισφογγισμὸς
1034 737 1102 790 δι’
1146 736 1427 807 ἆκραιφνοῢ
1462 736 1642 801 ὕδατος
1679 741 1762 791 καὶ

79 819 132 870 ἐκ
180 817 503 887 διαστήματος
546 817 949 887 καταρριπισμός,
1003 821 1085 871 καὶ
1132 826 1217 887 τῆς
1262 826 1481 887 κεφαλῆς
1526 819 1760 888 έπιβροχὴ

79 896 146 951 δι’
187 900 355 952 ἐλαίου
391 905 592 968 ψυχροῦ
630 898 929 967 νεοτριβοῦς,
967 900 1051 950 καὶ
1089 899 1453 969 καταρρόφησις
1492 900 1652 967 ὄξους,
1692 903 1764 970 ε’γ·

77 979 298 1048 κάθισμά
335 1000 384 1032 τε
423 979 559 1049 μέχρι
597 978 876 1048 βουβώνων
914 984 982 1044 εἰς
1020 979 1217 1049 ψυχρὸν
1254 979 1390 1048 ὕδωρ
1427 978 1460 1048 ἢ
1493 979 1764 1049 ὅξύκρατον
1788 1006 1832 1037 ιο

77 1059 111 1130 ἢ
155 1059 385 1131 καθαρὸν
439 1059 552 1124 ὅξος
604 1058 636 1129 ἢ
691 1060 940 1130 ἆφέψημα
991 1061 1186 1130 μύρτων
1231 1059 1263 1130 ἢ
1310 1060 1475 1131 ῥόδων
1524 1066 1686 1130 ξηρῶν
1730 1060 1762 1130 ἢ

77 1146 282 1212 κηκίδος
320 1141 642 1211 ὂμφακίτιδος
679 1141 711 1211 ἢ
752 1147 990 1212 μυρσίνης
1027 1145 1110 1196 καὶ
1148 1149 1326 1210 φακῶν
1363 1140 1395 1211 ἢ
1430 1146 1598 1212 σχίνου
1628 1141 1660 1212 ἢ
1693 1161 1761 1198 σι·

80 1228 202 1278 δίων
250 1223 282 1293 ἢ
335 1224 488 1293 βάτου
542 1230 742 1278 θαλλῶν
792 1222 823 1293 ἢ
875 1223 1025 1292 δρυὸς
1075 1223 1278 1292 φύλλων
1326 1222 1358 1292 ἢ
1406 1225 1532 1287 ἰτέας
1576 1222 1609 1292 ἢ
1649 1223 1764 1294 ρ”οὸς

52 1298 458 1376 ’βυρσοδεψικῆς
536 1309 580 1358 εἰ
617 1306 670 1359 δὲ
710 1307 762 1359 ἐκ
799 1312 885 1375 τῆς
924 1305 1281 1369 διαναστᾶσεως
1320 1304 1532 1373 σκυλμὸς
1562 1304 1764 1375 ὀχληρό-

78 1408 212 1456 τερος
258 1390 356 1455 εἴη,
412 1385 494 1439 διὰ
540 1390 884 1456 κλυστηριδίου
923 1385 954 1455 ἢ
996 1386 1321 1456 μητρεγχύτου
1360 1393 1458 1440 τῶν
1495 1387 1764 1455 εἰρημένων
1789 1409 1833 1442 15

80 1468 190 1532 ἓνός
218 1491 350 1532 τινος
381 1469 770 1538 ἕγχυματιζέσθω
802 1466 947 1536 χυλὸς
976 1465 1008 1535 ἢ
1041 1467 1388 1537 ἆρνογλῶσσου
1419 1465 1450 1536 ἢ
1483 1467 1764 1535 πολυφόνου

79 1548 111 1619 ἢ
160 1552 334 1620 σέρεως
378 1548 411 1619 ἢ
460 1549 699 1619 στρύχνου
746 1547 779 1619 ἢ
825 1554 1041 1617 ψυλλίου
1088 1547 1121 1618 ἢ
1169 1553 1449 1619 περδικίου,
1503 1553 1547 1603 εἰ
1593 1550 1646 1601 δὲ
1682 1550 1764 1601 καὶ

81 1633 299 1700 ε’πιμένοι
352 1636 743 1702 αἱμορραγοῦσα,
796 1632 878 1684 καὶ
931 1629 1245 1694 ὖποκιστίδος
1294 1632 1376 1683 καὶ
1428 1629 1634 1694 ἆκακίας
1683 1632 1764 1683 καὶ

81 1712 243 1779 ὅπιον,
283 1712 382 1776 ὄξει
421 1714 638 1781 διειμένα
675 1711 706 1780 ἢ
747 1710 872 1781 ὁμοῦ
910 1710 1070 1765 πάντα
1109 1711 1140 1781 ἢ
1172 1711 1295 1780 πρὸς
1326 1713 1396 1778 ἕν,
1434 1709 1466 1779 ἢ
1499 1710 1764 1779 ὄμφακιον,

80 1800 274 1863 πλῆθος
313 1793 379 1858 ὦς
418 1793 510 1848 δύο
550 1793 775 1848 κυάθων.
851 1795 934 1847 καὶ
970 1792 1216 1862 τρυφερὸν
1255 1796 1387 1861 ἔριον
1425 1794 1502 1845 ἑνί
1534 1814 1628 1845 τινι
1665 1799 1762 1846 τῶν
1786 1816 1831 1848 20

81 1878 349 1945 εἰρημένων
387 1882 550 1944 χυλῶν
589 1875 855 1945 διαβροχον
893 1874 976 1928 διὰ
1016 1874 1259 1929 δακτύλου
1297 1873 1329 1941 ἢ
1363 1873 1518 1942 μήλης
1549 1896 1767 1943 παρεντι-

201 1981 227 2021 3
267 1991 395 2034 νεαρ.
429 1977 538 2021 ante
568 1976 651 2020 καὶ
683 1975 1015 2033 συνεχέστερον
1047 1990 1072 2020 c
1094 1978 1239 2048 (corr.
1270 1976 1340 2033 E).
1522 1979 1548 2019 5
1589 1972 1641 2019 τὸ
1674 1971 1764 2048 ’γὰρ

82 2038 167 2080 etc
203 2035 261 2080 cf.
293 2035 509 2081 similiter
540 2049 680 2093 supra
710 2037 774 2091 ΙΙ,
800 2040 869 2081 28
1024 2040 1050 2080 6
1089 2031 1143 2091 ἢε
1183 2031 1213 2091 ἡ
1247 2049 1285 2080 ο.
1436 2051 1478 2079 n
1511 2034 1595 2078 τοῦ
1625 2049 1699 2091 πρ.
1734 2031 1764 2091 ἢ

81 2109 292 2151 περισφα
325 2111 367 2139 κ.
400 2094 480 2138 καὶ
511 2095 594 2138 τοῦ
627 2111 702 2153 πρ.
727 2109 914 2169 περισφ.
950 2108 987 2140 c.
1081 2099 1108 2139 8
1139 2094 1220 2139 καὶ
1251 2096 1360 2152 post
1391 2090 1542 2150 έπιβρ.
1576 2107 1600 2137 0
1633 2094 1765 2150 (corr.

81 2154 151 2211 E).
282 2159 307 2198 9
342 2151 693 2229 ἔγκαθῄσμασι
701 2170 751 2198 τε
786 2154 884 2211 (sic)
918 2168 954 2198 ο.
1109 2158 1163 2197 12
1197 2169 1241 2210 μ.
1273 2153 1355 2198 καὶ
1386 2153 1555 2208 φακῶν
1587 2153 1673 2196 etc.
1708 2151 1764 2197 cf.

81 2212 240 2258 DiOSC.
258 2217 300 2267 2,
311 2218 396 2258 129
400 2209 543 2284 πρὸς
574 2209 632 2257 τὰ
666 2210 875 2285 ρεύματα
906 2214 987 2282 τῇς
1019 2214 1198 2263 κοιλίας
1229 2213 1492 2287 μιγείσης
1524 2206 1650 2268 αυτῷ
1684 2212 1766 2270 (τῷ

83 2272 240 2330 φακῷ)
273 2268 377 2343 μετ’
397 2268 534 2326 οξους
565 2270 784 2327 σε’ρεως..
805 2267 854 2327 ,ἢ
888 2270 1074 2328 μύρτων
1106 2266 1135 2327 ἢ
1169 2272 1332 2315 σιδίων
1362 2265 1392 2326 ἢ
1425 2268 1579 2328 ρόδων
1612 2256 1766 2326 ξηρῶν

83 2333 166 2378 etc.
322 2336 376 2375 13
407 2331 599 2376 θαλλῶν
633 2331 727 2388 (vel
755 2333 978 2388 θαλλίων,
1008 2331 1038 2373 i.
1075 2344 1113 2374 e.
1147 2325 1424 2387 ἀκρεμόνων
1455 2328 1609 2375 Diosc.
1642 2333 1684 2385 4,
1709 2334 1765 2373 37

83 2412 139 2430 ==
163 2391 385 2436 cimarum
422 2392 567 2448 νιιόι)ε
614 2391 789 2441 θαλίας
820 2405 856 2435 c.
1009 2387 1124 2445 ῥ’όας
1157 2392 1287 2445 (corr.
1320 2387 1380 2444 D)
1414 2388 1768 2446 βυρσοθεψικῆς

84 2451 184 2522 (sic)
209 2464 245 2494 c.
379 2455 433 2495 15
467 2451 560 2521 εἴης
595 2443 623 2505 ἢ
657 2464 693 2493 ο.
823 2449 1159 2523 κλυστηριδίων
1191 2463 1215 2492 ο
1249 2450 1380 2505 (corr.
1406 2446 1475 2504 E).
1601 2452 1655 2491 16
1687 2463 1767 2502 χυ-

84 2505 163 2561 λὸς
193 2526 223 2565 η
256 2504 300 2553 ἆ.
313 2503 386 2565 εῆ
418 2506 557 2581 χυλὸς
586 2506 631 2553 ἄ.
667 2522 705 2553 c.
827 2506 856 2565 ἠ
890 2511 1028 2566 χυλος
1059 2507 1263 2564 (iterum)
1295 2510 1396 2551 πολ.
1429 2521 1453 2550 c
1485 2507 1618 2563 (corr.
1642 2505 1721 2581 E).

85 2573 139 2614 17
172 2565 411 2625 στρύφνου
442 2586 472 2625 η
504 2569 698 2624 ψιαλίου
732 2567 834 2624 (sic)
868 2582 891 2613 ο
925 2571 1053 2639 (corr
1082 2565 1151 2623 Ε).
1277 2571 1331 2611 18
1365 2562 1572 2623 ε’νιμένοι
1604 2562 1767 2634 αἱμορ-

84 2628 249 2684 ραοῦσι
282 2627 381 2685 (sic)
415 2641 439 2672 c
471 2629 602 2684 (corr.
635 2627 705 2683 Ε).
844 2632 898 2672 19
933 2622 1072 2672 ὀπίου
1101 2663 1110 2671 .
1130 2661 1139 2672 .
1159 2622 1469 2699 .διειμε’νου.
1519 2639 1710 2670 ,παντα
1742 2637 1767 2667 c

85 2687 162 2744 (ef.
190 2686 308 2758 lat..)
357 2687 415 2730 de
448 2687 554 2743 opio
586 2685 740 2732 Diosc.
760 2692 802 2743 4,
815 2691 893 2731 65.
928 2683 1255 2758 ἐνεργέστερον
1286 2683 1340 2729 δε
1373 2685 1583 2755 γίγνεται
1614 2682 1768 2739 μιγέν-

84 2760 176 2790 των
192 2740 336 2817 αυτῷ
370 2742 670 2796 ὑποκιστίδος
701 2747 843 2804 χυλοῦ
874 2747 955 2790 καὶ
986 2742 1202 2796 ακακίας.
1385 2739 1624 2816 ὀμφακίου
1657 2755 1695 2785 c.

86 2810 142 2850 20
174 2821 237 2855 ως
266 2805 326 2849 E:
362 2802 447 2855 ε’ως
478 2819 502 2849 c
535 2805 610 2862 (cf.
642 2804 793 2852 Diosc.
828 2809 868 2861 5,
894 2810 920 2850 6
954 2800 1124 2862 ὀλίγῳ).
1267 2802 1513 2859 τρυφερῶν
1546 2797 1684 2857 ἐρίων
1717 2797 1768 2843 ἕν

85 2881 130 2908 τι
160 2881 204 2909 τι
237 2863 338 2921 (sic)
373 2878 396 2908 c
430 2865 561 2919 (corr.
588 2863 656 2921 E).
801 2869 855 2909 21
889 2864 971 2908 καὶ
1002 2866 1110 2910 ante
1143 2859 1222 2907 δια
1257 2876 1281 2907 e
1314 2861 1421 2918 (del.
1454 2859 1524 2917 Ε).
1652 2874 1769 2915 παρ-
