2014 3162
843 108 1242 161 —212—

204 238 387 307 μνάσια
442 238 665 308 σφοδρά,
719 242 802 293 καὶ
855 242 1050 308 βιαίους
1102 237 1309 308 κατοχὰς
1362 232 1662 307 πνεύματος,
1717 243 1888 308 βῆχας,

203 319 478 389 πταρμούς,
532 320 745 392 πληγάς,
800 321 1031 389 πτώματα
1077 322 1159 373 καὶ
1207 326 1390 388 μᾶλλον
1433 318 1490 373 τὰ
1529 322 1608 374 ἐπὶ
1646 318 1704 372 τὰ
1743 323 1887 389 ἰσχία,

204 401 390 472 βάρους
429 400 614 471 ἄρσεις,
660 401 949 471 πηδήματα,
999 399 1208 469 σκληράς
1246 402 1541 470 καθέδρας,
1569 406 1889 470 φαρμακείας,

206 484 420 551 δριμέων
458 485 540 536 καὶ
577 490 862 552 πταρμικῶν
899 480 1215 551 προσφοράν,
1255 484 1471 549 ἔνδειαν,
1518 482 1762 550 ἀπεψίαν,
1809 484 1889 551 με’-

161 583 182 616 5
204 572 324 632 θην,
357 567 541 632 ἔμετον,
579 568 927 630 κοιλιολυσίαν,
967 562 1110 633 ῥύσιν
1148 565 1348 631 αἵματος
1387 562 1470 616 διὰ
1508 567 1660 634 ῥινῶν
1697 565 1777 616 καὶ
1817 568 1888 617 αἷ-

206 649 468 715 μορροίδος
504 643 536 713 ἢ
577 644 727 698 ἄλλου
765 645 936 711 τόπου,
975 646 1058 696 καὶ
1098 642 1346 712 χαλασμὸν
1377 643 1461 697 διά
1490 667 1621 709 τινος
1650 651 1748 699 τῶν
1777 653 1891 714 θερ-

206 731 399 795 μαίνειν
440 728 748 795 δυναμένων,
787 728 869 779 καὶ
909 724 991 779 διὰ
1029 724 1241 795 πυρετὸν
1281 726 1334 779 δὲ
1373 725 1597 795 σφοδρὸν
1633 729 1716 779 καὶ
1755 730 1890 797 ῥῖγος

204 810 286 861 καὶ
333 807 558 877 σπασμὸν
602 810 686 861 καὶ
731 806 783 861 τὸ
822 806 1105 876 κοινότερον
1142 812 1244 859 πᾶν
1281 806 1333 861 τὸ
1372 811 1541 876 βιαίαν
1579 812 1774 876 κίνησιν
1812 809 1892 861 εἶπ-

206 887 346 959 άγον,
387 887 452 942 δι’
498 883 569 941 ῶν
608 891 835 958 ἕκτρωσις
874 887 1182 942 ἀποτελεῖται.
1237 888 1425 942 τούτων
1463 883 1558 942 οὖν
1595 888 1652 942 τὰ
1691 891 1769 942 ἐπὶ
1808 895 1892 957 τῆς

142 988 183 1020 10
205 968 439 1038 ἡμετέρας
485 972 707 1033 ἐξουσίας
754 969 1074 1039 πεφυλάχθαι
1118 976 1402 1038 προσῆκεν,
1441 972 1525 1023 καὶ
1573 969 1639 1023 δι’
1689 969 1892 1038 ἠρεμίας

204 1050 408 1120 κλινήρη
462 1049 552 1118 τὴν
606 1057 965 1118 συνειληφυῖαν
1018 1057 1182 1119 τηρεῖν
1235 1050 1359 1120 πρὸς
1411 1055 1528 1119 μίαν
1580 1049 1611 1119 ἢ
1662 1053 1893 1119 δευτέραν

203 1129 407 1200 ἡμέραν,
447 1130 742 1200 ἀπεριέργως
780 1133 1036 1200 χρωμένην
1074 1130 1325 1199 ἀλείμματι
1363 1131 1506 1201 χάριν
1543 1138 1630 1186 τοῦ
1669 1134 1751 1184 καὶ
1791 1132 1893 1200 ὅρε-

206 1214 284 1274 ξιν
322 1209 582 1278 ἀνακύψαι
619 1214 703 1263 καὶ
733 1211 824 1279 τήν
856 1216 1094 1265 δοθεῖσαν
1123 1211 1315 1280 τροφὴν
1347 1215 1736 1281 ἐξοικειωθῆναι,
1775 1234 1894 1280 παρ-

205 1298 447 1344 αιτεῖσθαι
495 1292 550 1346 δὲ
594 1293 676 1344 καὶ
713 1291 804 1360 τὴν
841 1299 928 1346 τοῦ
968 1295 1276 1363 ἐπιγαστρίου
1322 1301 1507 1361 τρῖψιν,
1562 1297 1644 1346 ἵνα
1696 1292 1761 1361 μὴ
1811 1291 1894 1345 διὰ

143 1391 184 1425 15
207 1379 293 1440 τῆς
330 1378 532 1441 τοπικῆς
571 1373 903 1443 συγκινήσεως
934 1373 1236 1444 ἀποσπασθῇ
1267 1372 1320 1427 τὸ
1351 1373 1658 1442 κολλώμενον
1691 1375 1894 1443 σπέρμα,

207 1458 521 1521 συναλείφειν
569 1455 622 1507 δὲ
672 1454 828 1523 αὐτὴν
875 1457 1017 1527 ἐλαίῳ
1064 1460 1309 1532 νεοτριβεῖ
1346 1456 1429 1508 καὶ
1475 1454 1757 1528 ὅμφακίνφ,
1811 1456 1893 1507 καὶ

204 1533 397 1603 τροφὴν
436 1534 615 1603 σιτώδη
656 1535 851 1589 διδόναι
883 1538 964 1588 καὶ
996 1534 1303 1605 ὀλιγωτέραν,
1334 1535 1386 1589 τὸ
1417 1534 1623 1605 λουτρὸν
1654 1536 1708 1589 δὲ
1738 1557 1894 1604 παρα-

205 1617 414 1683 πέμπειν
460 1619 503 1668 εἰ
549 1615 763 1670 δυνατὸν
813 1618 904 1679 ἕως
944 1615 1060 1668 ἔπτὰ
1099 1613 1308 1684 ἡμερῶν.
1385 1615 1666 1670 ’ὑποπῐπτον
1702 1615 1795 1686 γὰρ
1834 1622 1893 1688 τῇ

204 1703 292 1750 τοῦ
338 1697 456 1751 ὅλου
506 1697 726 1765 σώματος
773 1696 1003 1766 ἀραιώσει
1049 1698 1131 1749 καὶ
1175 1697 1266 1765 τὴν
1310 1702 1578 1767 τρυφερίαν
1623 1704 1709 1752 τοῦ
1757 1699 1894 1764 σπέρ-

139 1797 182 1832 20
206 1800 353 1847 ματος
400 1777 706 1844 συνεκλύσει,
745 1780 890 1847 χωρὶς
936 1781 980 1830 εἰ
1023 1777 1088 1846 μὴ
1136 1783 1323 1846 νομίζοι
1360 1802 1431 1842 τις
1470 1778 1541 1833 ὅτι
1579 1778 1637 1831 τοὶ
1675 1779 1765 1845 μὲν
1803 1778 1896 1846 μη’-

205 1882 281 1913 πω
333 1863 545 1928 βεβαίως
590 1860 918 1926 κεκολλημένα
970 1858 1218 1926 τραύματα
1264 1864 1602 1929 προσδιίστησι
1646 1857 1699 1912 τὸ
1747 1863 1897 1927 βαλα-

205 1947 342 1995 νεῖον
386 1941 468 1992 καὶ
519 1939 575 1992 τὰ
621 1939 900 1993 πυκνότατα
946 1945 1044 1992 τῶν
1091 1938 1322 2007 ἀθλητῶν
1353 1939 1527 2008 ,ἀνίησι
1567 1939 1787 2007 σώματα,
1844 1935 1912 1992 τὸ4

207 2023 395 2090 σπέρμα
444 2021 497 2073 δὲ
546 2019 638 2074 οὐκ
685 2019 749 2074 ἂν
787 2019 995 2089 ἐκτήξειε
1034 2020 1283 2089 τρυφερὰν
1322 2023 1390 2074 ἔτι
1427 2023 1510 2074 καὶ
1548 2027 1766 2092 νεοπαγῆ
1806 2020 1896 2090 τὴν

207 2101 438 2155 σύστασιν
485 2104 611 2171 ἕχον.
689 2105 838 2155 ἔνθεν
885 2099 977 2154 οὐκ
1023 2098 1277 2168 ἀλλότριον
1323 2104 1404 2154 καὶ
1449 2101 1536 2156 τὸν
1582 2100 1721 2156 οἶνον
1772 2097 1898 2156 ἀπο-

139 2205 184 2238 25
209 2182 472 2251 δοκιμάσαι
511 2184 647 2253 μέχρι
685 2185 767 2236 καὶ
804 2189 901 2236 τῶν
940 2186 1061 2235 ἴσων
1098 2181 1293 2252 ἡμερῶν
1333 2186 1400 2246 εἰς
1437 2181 1489 2236 τὸ
1522 2181 1587 2251 μὴ
1621 2186 1785 2250 βιαίας
1815 2185 1898 2236 καὶ

208 2263 473 2332 πληκτικᾶς
511 2267 768 2334 γίγνεσθαι
806 2263 891 2327 τὰς
929 2263 1204 2327 ἀναδόσεις.
1275 2262 1341 2327 ὥς
1378 2262 1471 2334 γὰρ
1510 2262 1568 2316 τὰ
1607 2264 1897 2332 κατεαγέντα

206 2352 304 2398 τῶν
344 2344 500 2398 ὀστῶν
538 2344 604 2414 μὴ
646 2341 914 2413 κινούμενα
952 2343 1196 2414 πήγνυται
1234 2352 1333 2408 τοῖς
1372 2345 1582 2414 μορίοις,
1623 2343 1777 2407 οὕτως
1814 2347 1897 2397 καὶ

207 2425 261 2479 τὸ
310 2427 497 2495 σπέρμα
543 2424 666 2494 πρὸς
710 2424 801 2494 τὴν
838 2424 1044 2493 ὑστέραν
1082 2428 1296 2494 ἕμφυσιν
1334 2423 1533 2492 ἀσφαλῆ
1571 2425 1653 2476 καὶ
1691 2423 1898 2493 ἰσχυρὰν

328 2554 354 2592 2
405 2547 486 2592 καὶ
528 2565 572 2604 μ.
613 2547 697 2592 τοῦ
741 2546 905 2592 ἔπειτα
946 2546 1105 2620 ἰσχίων
1138 2562 1161 2592 0
1195 2550 1328 2604 (corr.
1360 2548 1431 2604 E).
1494 2547 1551 2591 cf.
1583 2548 1686 2593 Aet.
1720 2545 1898 2604 πληγὰς

209 2624 331 2652 κατα
363 2607 457 2651 τῶν
490 2605 663 2663 ἰσχίων.
772 2611 797 2650 3
833 2604 987 2678 βάρος.
1021 2622 1155 2664 αρσις
1188 2607 1290 2663 (sio)
1322 2620 1346 2650 c
1378 2603 1540 2665 (βάρος
1570 2607 1724 2662 αἴρειν
1756 2606 1894 2662 Aet.).

269 2662 527 2723 πηδήματα
559 2661 747 2737 σκληρὰ.
797 2665 1040 2721 καθέδρας
1072 2679 1096 2709 0
1129 2667 1263 2722 (corr.
1296 2666 1434 2721 Aet..)
1588 2669 1643 2709 15
1675 2666 1898 2722 τροπικῆς

211 2727 400 2797 c(con·.
428 2724 503 2780 D).
628 2728 681 2768 16
715 2720 1026 2781 ὀμφακίζοντι
1058 2737 1093 2768 c
1220 2728 1272 2768 19
1307 2722 1567 2780 σπέρματος
1592 2724 1693 2780 (sie)
1729 2738 1752 2768 c
1786 2726 1897 2780 (non
1973 2746 1978 2747 ⁷

212 2782 441 2841 σώματος,
473 2786 527 2829 ut
557 2783 629 2836 D).
782 2787 836 2827 21
870 2783 1161 2839 προδιίστησι
1194 2797 1218 2828 c
1250 2784 1382 2839 (corr.
1416 2783 1485 2839 E).
1608 2787 1665 2827 23
1701 2778 1895 2837 έκτείξει

212 2840 265 2888 έν
296 2844 505 2901 τρυφερᾶ
540 2840 607 2887 ἔτι
639 2855 676 2887 c.
