2014 3162
886 121 1283 174 -162—

268 254 423 297 murta
453 252 479 296 b
510 253 684 308 (myrra
706 252 771 296 sic
803 252 830 306 l,
854 251 1042 307 myrtha
1131 250 1326 295 naticas
1374 251 1447 306 (=
1479 255 1621 305 nates,
1663 248 1837 310 πυγὴν)
1866 251 1930 309 Π,

268 313 314 367 h)
346 311 410 367 ΙΙ,
455 315 524 356 31.
587 311 740 370 murte
778 311 807 354 h
855 310 955 366 (om.
996 310 1038 365 b,

267 345 417 430 10Μέ
457 370 489 426 Ζ)
530 368 588 424 ΙΙ,
623 374 678 413 10
718 373 830 414 eoetr.
893 369 1037 413 bacae

266 431 447 474 murtae
478 429 536 486 ΙΙ,
571 433 622 472 11
655 431 730 486 (=
759 426 910 485 μύρτα
935 427 1035 472 Sor.

266 464 705 545 224,1).11'1urtino
739 487 841 532 oleo
873 490 943 530 45
993 518 998 522 .

235 677 350 710 nam
375 686 430 702 =
455 661 551 709 δὲε.
574 699 611 709 ..
653 664 713 708 ad
741 664 906 709 sellam
930 676 1034 708 eam

265 725 487 769 levamus.
550 735 658 767 nam
706 723 746 767 si
786 722 856 767 ita
893 721 1036 767 fuerit

264 782 389 827 lassa
427 784 482 826 ut
521 782 570 826 in
609 782 731 827 lecto
763 795 927 839 parere
957 781 1035 826 de-

264 843 395 896 beat,
442 841 506 885 ibi
553 841 712 898 pariat
767 846 836 885 63.
922 855 1035 897 quas

264 904 421 958 partes
450 899 603 957 primo
636 899 857 945 solvimus
883 898 1035 944 infan-

264 960 354 1005 tis?
401 973 566 1004 manus
616 959 728 1016 eius,
775 958 1034 1003 interiectis

265 1018 498 1075 aliquibus
558 1018 721 1063 diebus
776 1020 824 1062 et
876 1018 1031 1075 pedes.

263 1092 374 1122 nam
406 1091 462 1122 ex
492 1077 606 1135 ipsis
637 1077 852 1122 manibus
882 1076 1033 1134 primo

264 1138 476 1182 dextram
523 1136 689 1182 eicias.
719 1172 727 1181 .
755 1139 832 1182 ‚et
871 1138 1034 1193 postea

263 1195 499 1241 sinistram
533 1200 630 1241 123.
663 1200 739 1240 etc.
773 1196 879 1240 item

232 1267 346 1300 nam
385 1255 438 1299 et
468 1275 524 1292 =
556 1253 753 1300 καὶ...
788 1252 840 1298 δέ
875 1255 943 1299 vel
973 1254 1027 1298 δὲ

262 1314 343 1358 καὶ
388 1314 667 1369 saepissime:
724 1313 907 1358 sacellis
953 1327 1033 1358 va-

261 1374 495 1431 porentur.
578 1386 687 1418 nam
750 1374 798 1416 et
849 1371 1032 1417 vesicae

264 1433 417 1478 oleum
465 1431 666 1476 calidum
713 1432 962 1476 habentes.
984 1467 993 1477 .
1013 1467 1023 1476 .

262 1491 559 1549 adponuntur
589 1490 646 1548 ΙΙ,
682 1496 719 1537 1.
768 1491 902 1535 dolor
932 1490 1030 1535 eius

263 1550 463 1596 occurrit
509 1564 612 1594 cum
660 1549 880 1595 duritia..
902 1564 1031 1595 .nam

262 1612 309 1655 et
329 1608 581 1665 aliquando
607 1611 654 1653 et
679 1608 1028 1666 obripilationes

262 1672 310 1714 et
360 1668 634 1726 punctiones
688 1668 778 1712 sibi
822 1667 1033 1712 sentiunt

260 1728 325 1785 II,
359 1733 384 1772 2
424 1727 541 1784 (Sor.
584 1730 701 1782 258,
744 1728 819 1783 11)
849 1730 890 1771 et
919 1727 1028 1772 ibid.

259 1800 364 1832 mooe
386 1800 494 1831 nam
519 1788 566 1831 et
593 1786 727 1830 urina
742 1785 1031 1842 frequentius

261 1845 461 1892 occurrit
507 1845 624 1902 (Sor.
673 1848 785 1900 258,
833 1846 1029 1902 16).—

261 1906 394 1951 dolor
426 1905 474 1949 et
496 1905 700 1950 tensio..
719 1905 886 1950 ..erunt
918 1918 1029 1948 nam

259 1963 546 2021 frequentius
568 1964 643 2008 et'
630 1978 785 2020 ipsum
801 1963 1029 2008 orificium

259 2036 479 2093 rugosum
511 2023 600 2067 erit
629 2023 687 2077 ΙΙ,
717 2027 739 2065 1
769 2022 887 2093 (Sor.
913 2026 1029 2078 262,

260 2086 289 2126 4
320 2078 539 2149 πολλάκις
572 2080 624 2126 δὲ
659 2081 740 2125 καὶ
761 2078 926 2137 ῥὐσόν.
947 2083 1027 2138 ..).

260 2167 316 2174 -
339 2141 481 2186 loca
466 2154 570 2198 ipsa
592 2155 883 2197 vapommus,
921 2155 1030 2185 nam

260 2204 307 2246 et
331 2200 391 2244 ad
414 2200 691 2256 longaonem
715 2200 869 2243 oleum
893 2198 1028 2244 dulce

268 2296 277 2305 .
298 2296 306 2305 .
327 2258 561 2304 .inicimus
599 2258 655 2314 ΙΙ,
698 2265 719 2302 1
761 2259 876 2314 (Sor.
922 2261 1028 2313 206,

259 2322 287 2362 4
318 2316 540 2375 χρηστέον
571 2315 624 2362 δὲ
650 2317 752 2363 καὶ.
771 2353 780 2362 .
800 2320 837 2373 .)
862 2321 902 2362 et
924 2331 1029 2362 ‘mox

257 2378 317 2422 ib.
365 2390 474 2420 nam
513 2379 563 2420 et
600 2377 862 2422 melilotum
908 2377 1028 2422 bene

258 2437 447 2480 tunsum
473 2472 482 2480 .
511 2471 519 2480 .
547 2471 555 2480 .
578 2435 899 2480 admiscemus,
971 2462 1026 2468 -—

259 2496 501 2551 separatur
554 2496 711 2538 autem
759 2494 836 2538 hic
882 2495 1028 2551 pulpa

259 2553 321 2597 sit
358 2567 418 2598 an
448 2553 770 2596 membranum
802 2553 926 2608 quod
955 2553 1024 2597 in-

190 2664 198 2675 .
257 2611 402 2668 pedit,
446 2611 505 2655 ab
539 2625 591 2656 eo
625 2611 768 2667 quod.
791 2647 799 2656 .
819 2625 945 2656 .nam
979 2613 1026 2655 et

257 2671 359 2727 ipsa
389 2669 556 2714 mulier
585 2670 812 2714 relatione
845 2684 929 2714 sua
956 2669 1024 2714 in-

260 2731 435 2774 struere
472 2729 647 2785 poterit
692 2729 752 2773 ad
793 2743 911 2785 quae
955 2728 1023 2772 of-

257 2788 364 2833 ficia
394 2787 658 2844 inpediatur
696 2787 752 2844 II,
786 2793 858 2832 32v
883 2792 923 2832 et
959 2788 1025 2831 sie

257 2860 399 2903 saepe.

1163 313 1306 366 17,4.
1342 313 1411 363 18,
1443 314 1611 365 2218,
1643 315 1715 354 23.

1128 368 1362 413 naucella
1401 369 1443 423 (b
1482 372 1522 412 et
1551 370 1682 414 semel
1712 370 1763 426 ΖΘ,
1794 368 1924 414 navi-

1158 426 1279 472 cella
1303 428 1335 483 Ζ)
1362 423 1734 484 116.118.(=2‘1
1761 425 1927 485 σκάφη

1155 485 1256 531 Sor.
1289 490 1396 540 169,
1427 487 1489 542 4).

1125 544 1302 590 nausia
1332 520 1440 603 (b’h,
1478 558 1653 590 nausea
1691 546 1724 602 l)
1755 551 1812 591 37
1844 549 1928 591 etc.

1125 616 1188 649 110
1221 607 1296 661 (=
1327 606 1478 660 num):
1511 604 1826 660 quaerendum
1853 606 1928 654 est

1154 678 1213 707 ne
1258 664 1379 709 forte
1424 662 1718 719 ydrocefalus
1765 663 1828 708 sit
1867 663 1929 720 ΙΙ,

1158 727 1227 778 19,
1267 727 1337 768 29.
1391 723 1624 779 temptare
1663 722 1805 768 debet
1832 722 1930 767 huc

1155 784 1297 838 atque
1334 781 1448 826 illuc
1486 781 1739 838 adducenS,
1776 795 1858 828 ne.
1877 818 1887 827 .
1907 816 1918 827 .

1155 841 1382 885 secundae
1405 840 1588 897 possint
1601 839 1726 885 foras
1752 840 1922 885 adduci

1154 900 1210 956 Π,
1229 904 1299 955 20,
1318 905 1388 944 31.
1421 900 1478 954 cf.
1507 904 1576 954 19,
1595 904 1650 944 29
1672 914 1718 956 p.
1753 903 1927 955 93,16.

1126 959 1409 1004 nervositas
1449 958 1597 1012 omnis
1627 960 1837 1016 patiatur
1865 957 1928 1013 ΙΙ,

1124 1077 1356 1123 nimietas
1388 1077 1445 1131 ΙΙ,
1477 1082 1532 1121 22
1567 1081 1647 1124 etc.

1122 1136 1331 1182 noctula
1355 1137 1462 1191 (blh
1485 1157 1541 1174 =
1564 1137 1750 1190 noctua,
1781 1131 1928 1192 γλαύξ

1154 1195 1255 1240 Sor.
1287 1197 1395 1251 152,
1429 1198 1475 1252 9)
1507 1199 1577 1240 95.

1123 1313 1421 1370 obripilatio
1451 1313 1509 1370 II,
1542 1318 1614 1358 23.
1653 1313 1710 1368 II,
1744 1318 1770 1358 2
1803 1314 1927 1359 obri·
1971 1339 1981 1346 ·

1151 1372 1402 1430 pilationes
1441 1376 1490 1417 et
1526 1372 1802 1443 punctiones
1845 1374 1921 1444 (===

1153 1431 1252 1477 Sor.
1293 1435 1511 1487 258,11
1557 1427 1798 1502 φρικώδης
1844 1427 1925 1476 ἄν·

1151 1492 1358 1548 τίληψις,
1402 1467 1633 1548 διαδρομὴ
1682 1487 1923 1549 νυγματῶ-

1151 1551 1267 1607 δης).
1327 1550 1383 1605 ef.
1439 1549 1562 1594 Cass.
1620 1549 1718 1595 Fez.
1775 1563 1811 1595 0.
1858 1555 1921 1596 21

1149 1610 1266 1666 (ind.
1292 1623 1343 1666 p.
1378 1613 1502 1662 247).

1123 1668 1378 1714 obsetrix=
1439 1670 1506 1712 sic
1565 1681 1734 1724 semper
1793 1669 1924 1714 codd.

1153 1728 1276 1784 (blh)
1301 1741 1391 1784 pro
1424 1726 1664 1771 obstetrix.
1699 1727 1760 1771 ab
1796 1741 1922 1773 osse-

1150 1786 1267 1832 trice
1300 1787 1397 1842 (sic)
1429 1786 1458 1830 h
1489 1786 1546 1841 ΙΙ,
1581 1790 1648 1842 18,
1681 1791 1752 1831 25.

1121 1845 1391 1959 OPIvolvere
1410 1844 1577 1902 pedem
1595 1859 1736 1901 supra
1751 1845 1921 1902 pedem

1121 1962 1506 2021 obs(t)etricalis
1544 1962 1665 2008 ratio
1712 1967 1753 2007 2.
1804 1951 1923 2007 sella

1150 2028 1223 2069 60.
1258 2028 1328 2067 61.
1377 2023 1433 2077 cf.
1475 2022 1574 2067 Sor.
1611 2025 1748 2094 2112.
1782 2025 1857 2079 99,
1890 2025 1919 2067 5

1151 2084 1323 2138 δίφρον
1345 2078 1602 2138 μαιωτικόν
1619 2075 1647 2136 ἢ
1667 2057 1918 2138 καθέδραν

1152 2162 1207 2179 =
1264 2143 1341 2186 lat.
1405 2140 1718 2185 obstetricalis
1797 2139 1913 2185 sella

1148 2199 1316 2260 (sive)
1350 2199 1574 2244 cathedra
1605 2204 1675 2244 60.

1119 2258 1517 2316 obs(t)etricare:
1559 2258 1599 2302 si
1626 2259 1747 2303 male
1779 2257 1920 2302 fuerit

1149 2317 1433 2363 obsetricata
1441 2318 1498 2372 II,
1513 2323 1554 2361 2.
1571 2317 1921 2362 obsetricandae

1148 2378 1258 2421 sunt
1286 2377 1342 2432 Π,
1376 2380 1446 2432 18,
1479 2381 1520 2420 9.

1119 2435 1410 2492 occipitium
1441 2435 1498 2488 II,
1531 2441 1569 2478 2.

1119 2495 1363 2539 oleasterz
1410 2494 1617 2538 turiones

1146 2553 1336 2598 oleastri
1367 2552 1426 2607 II,
1456 2557 1525 2597 22.

1115 2612 1224 2657 offif
1246 2613 1314 2656 vel
1352 2624 1510 2655 omnes
1533 2611 1741 2655 sollemne
1764 2611 1858 2656 cod.
1885 2612 1911 2656 b

1146 2672 1198 2728 (l)
1237 2671 1400 2714 viti-um
1425 2683 1513 2726 pro
1545 2671 1731 2726 oportet
1762 2671 1826 2726 (h)
1857 2674 1916 2714 45

1146 2730 1243 2783 (ubi
1297 2727 1415 2773 omis
1451 2730 1586 2773 etiam
1629 2730 1688 2785 h).
1738 2733 1806 2773 57.
1855 2732 1913 2772 64
1942 2757 1957 2761 x

1145 2789 1298 2844 (etiam
1327 2789 1386 2844 h).
1433 2788 1488 2844 11,
1526 2794 1563 2831 1.
1599 2792 1665 2832 10.
1699 2792 1769 2831 22.
1809 2788 1914 2831 item

1146 2847 1300 2892 omnia
1335 2852 1371 2890 1.
1405 2847 1461 2903 Π,
1498 2851 1563 2891 10.
1595 2851 1730 2891 omne
1755 2846 1815 2903 ΙΙ,
1841 2850 1915 2890 30.

1668 2493 1819 2538 olivae
1870 2495 1919 2538 et
