<?xml version="1.0" encoding="UTF-8"?>
<!DOCTYPE html PUBLIC "-//W3C//DTD XHTML 1.0 Transitional//EN"
    "http://www.w3.org/TR/xhtml1/DTD/xhtml1-transitional.dtd">
<html xmlns="http://www.w3.org/1999/xhtml" xml:lang="en" lang="en">
 <head>
  <title>
</title>
<meta http-equiv="Content-Type" content="text/html;charset=utf-8" />
  <meta name='ocr-system' content='tesseract 3.04.00' />
  <meta name='ocr-capabilities' content='ocr_page ocr_carea ocr_par ocr_line ocrx_word'/>
</head>
<body>
  <div class='ocr_page' id='page_1' title='image "./gynaeciorumvetus00sorauoft_0325.png"; bbox 0 0 2014 3162; ppageno 0'>
   <div class='ocr_carea' id='block_1_1' title="bbox 733 124 1136 176">
    <p class='ocr_par' dir='ltr' id='par_1_1' title="bbox 733 124 1136 176">
     <span class='ocr_line' id='line_1_1' title="bbox 733 124 1136 176; baseline -0.002 0"><span class='ocrx_word' id='word_1_1' title='bbox 733 124 1136 176; x_wconf 75' lang='lat'>-301—</span> 
     </span>
    </p>
   </div>
   <div class='ocr_carea' id='block_1_2' title="bbox 86 249 1852 1951">
    <p class='ocr_par' dir='ltr' id='par_1_2' title="bbox 86 249 1846 1298">
     <span class='ocr_line' id='line_1_2' title="bbox 86 249 1775 326; baseline 0.002 -18"><span class='ocrx_word' id='word_1_2' title='bbox 86 261 184 310; x_wconf 80' lang='grc' dir='ltr'><strong><em>τῶν</em></strong></span> <span class='ocrx_word' id='word_1_3' title='bbox 231 253 429 324; x_wconf 82' lang='grc' dir='ltr'><strong><em>ὁμοίων.</em></strong></span> <span class='ocrx_word' id='word_1_4' title='bbox 506 254 656 309; x_wconf 79' lang='grc' dir='ltr'><strong><em>οὐδὲν</em></strong></span> <span class='ocrx_word' id='word_1_5' title='bbox 707 251 799 310; x_wconf 79' lang='grc' dir='ltr'><strong><em>οὖν</em></strong></span> <span class='ocrx_word' id='word_1_6' title='bbox 843 251 975 311; x_wconf 76' lang='grc' dir='ltr'><strong><em>ἴδίον</em></strong></span> <span class='ocrx_word' id='word_1_7' title='bbox 1009 249 1186 320; x_wconf 67' lang='grc' dir='ltr'><strong><em>ιπάθος</em></strong></span> <span class='ocrx_word' id='word_1_8' title='bbox 1230 265 1481 326; x_wconf 75' lang='grc' dir='ltr'><strong><em>γυναικῶν</em></strong></span> <span class='ocrx_word' id='word_1_9' title='bbox 1522 258 1652 326; x_wconf 83' lang='grc' dir='ltr'><strong><em>πλὴν</em></strong></span> <span class='ocrx_word' id='word_1_10' title='bbox 1688 253 1775 312; x_wconf 83' lang='grc' dir='ltr'><strong><em>τοῦ</em></strong></span> 
     </span>
     <span class='ocr_line' id='line_1_3' title="bbox 86 335 1775 405; baseline 0.002 -16"><span class='ocrx_word' id='word_1_11' title='bbox 86 342 266 404; x_wconf 81' lang='grc' dir='ltr'><strong><em>κυῆσαι</em></strong></span> <span class='ocrx_word' id='word_1_12' title='bbox 310 337 394 389; x_wconf 83' lang='grc' dir='ltr'><strong><em>καὶ</em></strong></span> <span class='ocrx_word' id='word_1_13' title='bbox 438 342 525 390; x_wconf 82' lang='grc' dir='ltr'><strong><em>τοῦ</em></strong></span> <span class='ocrx_word' id='word_1_14' title='bbox 570 335 632 390; x_wconf 75' lang='grc' dir='ltr'><strong><em>τὸ</em></strong></span> <span class='ocrx_word' id='word_1_15' title='bbox 669 338 862 405; x_wconf 80' lang='grc' dir='ltr'><strong><em>κυηθὲν</em></strong></span> <span class='ocrx_word' id='word_1_16' title='bbox 906 337 1151 405; x_wconf 74' lang='grc' dir='ltr'><strong><em>ἐκθρέψαι</em></strong></span> <span class='ocrx_word' id='word_1_17' title='bbox 1187 339 1271 390; x_wconf 82' lang='grc' dir='ltr'><strong><em>καὶ</em></strong></span> <span class='ocrx_word' id='word_1_18' title='bbox 1310 336 1566 392; x_wconf 80' lang='grc' dir='ltr'><em>ἀποτεκεῖν</em></span> <span class='ocrx_word' id='word_1_19' title='bbox 1603 341 1686 392; x_wconf 84' lang='grc' dir='ltr'><strong><em>καὶ</em></strong></span> <span class='ocrx_word' id='word_1_20' title='bbox 1723 339 1775 393; x_wconf 87' lang='grc' dir='ltr'><strong><em>τὸ</em></strong></span> 
     </span>
     <span class='ocr_line' id='line_1_4' title="bbox 86 414 1776 487; baseline 0.002 -18"><span class='ocrx_word' id='word_1_21' title='bbox 86 416 213 486; x_wconf 75' lang='grc' dir='ltr'><strong><em>γάλα</em></strong></span> <span class='ocrx_word' id='word_1_22' title='bbox 260 422 478 470; x_wconf 79' lang='grc' dir='ltr'><strong><em>πεπᾶναι</em></strong></span> <span class='ocrx_word' id='word_1_23' title='bbox 529 419 611 470; x_wconf 82' lang='grc' dir='ltr'><strong><em>καὶ</em></strong></span> <span class='ocrx_word' id='word_1_24' title='bbox 656 417 714 470; x_wconf 84' lang='grc' dir='ltr'><strong><em>τὰ</em></strong></span> <span class='ocrx_word' id='word_1_25' title='bbox 759 419 957 471; x_wconf 80' lang='grc' dir='ltr'><strong><em>ἐναντία</em></strong></span> <span class='ocrx_word' id='word_1_26' title='bbox 1001 414 1205 481; x_wconf 80' lang='grc' dir='ltr'><strong><em>τούτοις.</em></strong></span> <span class='ocrx_word' id='word_1_27' title='bbox 1282 421 1334 472; x_wconf 80' lang='grc' dir='ltr'><strong><em>οἵ</em></strong></span> <span class='ocrx_word' id='word_1_28' title='bbox 1377 418 1433 471; x_wconf 80' lang='grc' dir='ltr'><strong><em>δὲ</em></strong></span> <span class='ocrx_word' id='word_1_29' title='bbox 1464 417 1776 487; x_wconf 79' lang='grc' dir='ltr'><strong><em>Ἀσκληπι-</em></strong></span> 
     </span>
     <span class='ocr_line' id='line_1_5' title="bbox 86 496 1779 569; baseline 0.002 -19"><span class='ocrx_word' id='word_1_30' title='bbox 86 497 289 552; x_wconf 75' lang='grc' dir='ltr'><strong><em>άδειοι</em></strong></span> <span class='ocrx_word' id='word_1_31' title='bbox 311 498 748 562; x_wconf 82' lang='grc' dir='ltr'><strong><em>κατασκευάζοντες</em></strong></span> <span class='ocrx_word' id='word_1_32' title='bbox 773 497 839 562; x_wconf 76' lang='grc' dir='ltr'><strong><em>ὥς</em></strong></span> <span class='ocrx_word' id='word_1_33' title='bbox 873 496 1022 552; x_wconf 74' lang='grc' dir='ltr'><strong><em>οὐδέν</em></strong></span> <span class='ocrx_word' id='word_1_34' title='bbox 1052 500 1150 553; x_wconf 76' lang='grc' dir='ltr'><strong><em>ἔστι</em></strong></span> <span class='ocrx_word' id='word_1_35' title='bbox 1179 498 1346 562; x_wconf 86' lang='grc' dir='ltr'><strong><em>πάθος</em></strong></span> <span class='ocrx_word' id='word_1_36' title='bbox 1377 502 1507 554; x_wconf 85' lang='grc' dir='ltr'><strong><em>ι’διον</em></strong></span> <span class='ocrx_word' id='word_1_37' title='bbox 1529 507 1779 569; x_wconf 73' lang='grc' dir='ltr'><strong><em>γυναικῶν</em></strong></span> 
     </span>
     <span class='ocr_line' id='line_1_6' title="bbox 89 578 1822 660; baseline 0.001 -27"><span class='ocrx_word' id='word_1_38' title='bbox 89 582 245 647; x_wconf 83' lang='grc' dir='ltr'><strong><em>φασὶν</em></strong></span> <span class='ocrx_word' id='word_1_39' title='bbox 295 603 367 634; x_wconf 92' lang='grc' dir='ltr'><strong><em>οτι</em></strong></span> <span class='ocrx_word' id='word_1_40' title='bbox 404 580 457 635; x_wconf 90' lang='grc' dir='ltr'><strong><em>τὸ</em></strong></span> <span class='ocrx_word' id='word_1_41' title='bbox 496 587 629 649; x_wconf 84' lang='grc' dir='ltr'><strong><em>θῆλυ</em></strong></span> <span class='ocrx_word' id='word_1_42' title='bbox 667 588 769 644; x_wconf 84' lang='grc' dir='ltr'><strong><em>τοῖς</em></strong></span> <span class='ocrx_word' id='word_1_43' title='bbox 806 579 1006 660; x_wconf 74' lang='grc' dir='ltr'><strong><em>ἄρρεσιν</em></strong></span> <span class='ocrx_word' id='word_1_44' title='bbox 1045 582 1099 633; x_wconf 80' lang='grc' dir='ltr'><strong><em>ἐκ</em></strong></span> <span class='ocrx_word' id='word_1_45' title='bbox 1134 586 1233 633; x_wconf 82' lang='grc' dir='ltr'><strong><em>τῶν</em></strong></span> <span class='ocrx_word' id='word_1_46' title='bbox 1271 578 1435 633; x_wconf 77' lang='grc' dir='ltr'><strong><em>αὐτῶν</em></strong></span> <span class='ocrx_word' id='word_1_47' title='bbox 1473 582 1778 651; x_wconf 72' lang='grc' dir='ltr'><strong><em>συγκέκριται</em></strong></span> <span class='ocrx_word' id='word_1_48' title='bbox 1802 602 1822 635; x_wconf 83' lang='grc'>5</span> 
     </span>
     <span class='ocr_line' id='line_1_7' title="bbox 88 659 1776 731; baseline 0.001 -17"><span class='ocrx_word' id='word_1_49' title='bbox 88 660 252 730; x_wconf 88' lang='grc' dir='ltr'><strong><em>ωσπερ</em></strong></span> <span class='ocrx_word' id='word_1_50' title='bbox 291 666 540 731; x_wconf 80' lang='grc' dir='ltr'><strong><em>στοιχείων</em></strong></span> <span class='ocrx_word' id='word_1_51' title='bbox 575 668 675 715; x_wconf 82' lang='grc' dir='ltr'><strong><em>τῶν</em></strong></span> <span class='ocrx_word' id='word_1_52' title='bbox 713 684 876 731; x_wconf 77' lang='grc' dir='ltr'><strong><em>ογκων</em></strong></span> <span class='ocrx_word' id='word_1_53' title='bbox 912 659 1052 714; x_wconf 62' lang='grc' dir='ltr'><strong><em>καὶ“</em></strong></span> <span class='ocrx_word' id='word_1_54' title='bbox 1026 660 1124 714; x_wconf 89' lang='grc' dir='ltr'><strong><em>υπὸ</em></strong></span> <span class='ocrx_word' id='word_1_55' title='bbox 1155 667 1242 729; x_wconf 86' lang='grc' dir='ltr'><strong><em>τῆς</em></strong></span> <span class='ocrx_word' id='word_1_56' title='bbox 1272 659 1424 729; x_wconf 82' lang='grc' dir='ltr'><strong><em>αὐτῆς</em></strong></span> <span class='ocrx_word' id='word_1_57' title='bbox 1455 665 1610 725; x_wconf 81' lang='grc' dir='ltr'><strong><em>αἰτίας</em></strong></span> <span class='ocrx_word' id='word_1_58' title='bbox 1633 679 1776 716; x_wconf 90' lang='grc' dir='ltr'><strong><em>νοσο-</em></strong></span> 
     </span>
     <span class='ocr_line' id='line_1_8' title="bbox 88 741 1780 811; baseline 0 -15"><span class='ocrx_word' id='word_1_59' title='bbox 88 750 297 797; x_wconf 87' lang='grc' dir='ltr'><strong><em>ποιεῖται</em></strong></span> <span class='ocrx_word' id='word_1_60' title='bbox 335 742 467 798; x_wconf 79' lang='grc' dir='ltr'><strong><em>τοῦτ’</em></strong></span> <span class='ocrx_word' id='word_1_61' title='bbox 511 745 609 796; x_wconf 77' lang='grc' dir='ltr'><strong><em>ἔστι</em></strong></span> <span class='ocrx_word' id='word_1_62' title='bbox 638 749 724 810; x_wconf 82' lang='grc' dir='ltr'><strong><em>τῆς</em></strong></span> <span class='ocrx_word' id='word_1_63' title='bbox 754 741 1039 809; x_wconf 79' lang='grc' dir='ltr'><strong><em>ἐνστάσεως,</em></strong></span> <span class='ocrx_word' id='word_1_64' title='bbox 1075 741 1258 810; x_wconf 77' lang='grc' dir='ltr'><strong><em>ταύτην</em></strong></span> <span class='ocrx_word' id='word_1_65' title='bbox 1292 741 1387 811; x_wconf 71' lang='grc' dir='ltr'><strong><em>γὰρ</em></strong></span> <span class='ocrx_word' id='word_1_66' title='bbox 1417 748 1516 800; x_wconf 80' lang='grc' dir='ltr'><strong><em>τῶν</em></strong></span> <span class='ocrx_word' id='word_1_67' title='bbox 1545 747 1780 796; x_wconf 79' lang='grc' dir='ltr'><strong><em>πλείστων</em></strong></span> 
     </span>
     <span class='ocr_line' id='line_1_9' title="bbox 88 822 1779 892; baseline 0.001 -16"><span class='ocrx_word' id='word_1_68' title='bbox 88 830 272 877; x_wconf 79' lang='grc' dir='ltr'><strong><em>παθῶν</em></strong></span> <span class='ocrx_word' id='word_1_69' title='bbox 318 823 607 892; x_wconf 84' lang='grc' dir='ltr'><strong><em>συνεκτικὴν</em></strong></span> <span class='ocrx_word' id='word_1_70' title='bbox 653 822 783 876; x_wconf 82' lang='grc' dir='ltr'><strong><em>εἶναί</em></strong></span> <span class='ocrx_word' id='word_1_71' title='bbox 825 841 971 890; x_wconf 84' lang='grc' dir='ltr'><strong><em>φασι,</em></strong></span> <span class='ocrx_word' id='word_1_72' title='bbox 1021 825 1103 876; x_wconf 82' lang='grc' dir='ltr'><strong><em>καὶ</em></strong></span> <span class='ocrx_word' id='word_1_73' title='bbox 1152 822 1235 876; x_wconf 82' lang='grc' dir='ltr'><strong><em>διὰ</em></strong></span> <span class='ocrx_word' id='word_1_74' title='bbox 1282 829 1380 876; x_wconf 82' lang='grc' dir='ltr'><strong><em>τῶν</em></strong></span> <span class='ocrx_word' id='word_1_75' title='bbox 1425 822 1590 876; x_wconf 77' lang='grc' dir='ltr'><strong><em>αὐτῶν</em></strong></span> <span class='ocrx_word' id='word_1_76' title='bbox 1626 822 1779 892; x_wconf 87' lang='grc' dir='ltr'><strong><em>θερα-</em></strong></span> 
     </span>
     <span class='ocr_line' id='line_1_10' title="bbox 87 900 1781 975; baseline 0.001 -17"><span class='ocrx_word' id='word_1_77' title='bbox 87 905 283 959; x_wconf 80' lang='grc' dir='ltr'><strong><em>πεύεται</em></strong></span> <span class='ocrx_word' id='word_1_78' title='bbox 315 908 630 975; x_wconf 85' lang='grc' dir='ltr'><strong><em>ποιουμένων</em></strong></span> <span class='ocrx_word' id='word_1_79' title='bbox 659 926 709 958; x_wconf 90' lang='grc' dir='ltr'><strong><em>τε</em></strong></span> <span class='ocrx_word' id='word_1_80' title='bbox 739 907 822 958; x_wconf 85' lang='grc' dir='ltr'><strong><em>καὶ</em></strong></span> <span class='ocrx_word' id='word_1_81' title='bbox 851 905 1283 974; x_wconf 78' lang='grc' dir='ltr'><strong><em>προσφερομένων.</em></strong></span> <span class='ocrx_word' id='word_1_82' title='bbox 1346 903 1495 957; x_wconf 81' lang='grc' dir='ltr'><strong><em>οὐδὲν</em></strong></span> <span class='ocrx_word' id='word_1_83' title='bbox 1526 900 1619 958; x_wconf 77' lang='grc' dir='ltr'><strong><em>οὖν</em></strong></span> <span class='ocrx_word' id='word_1_84' title='bbox 1649 909 1781 959; x_wconf 82' lang='grc' dir='ltr'><strong><em>ἴδιον</em></strong></span> 
     </span>
     <span class='ocr_line' id='line_1_11' title="bbox 87 982 1846 1055; baseline 0 -15"><span class='ocrx_word' id='word_1_85' title='bbox 87 985 255 1050; x_wconf 90' lang='grc' dir='ltr'><strong><em>πάθος</em></strong></span> <span class='ocrx_word' id='word_1_86' title='bbox 291 993 524 1055; x_wconf 81' lang='grc' dir='ltr'><strong><em>θηλειῶν.</em></strong></span> <span class='ocrx_word' id='word_1_87' title='bbox 581 985 725 1054; x_wconf 83' lang='grc' dir='ltr'><strong><em>κοινὴ</em></strong></span> <span class='ocrx_word' id='word_1_88' title='bbox 766 985 859 1055; x_wconf 80' lang='grc' dir='ltr'><strong><em>γὰρ</em></strong></span> <span class='ocrx_word' id='word_1_89' title='bbox 899 984 1064 1050; x_wconf 76' lang='grc' dir='ltr'><strong><em>αὐτῶν</em></strong></span> <span class='ocrx_word' id='word_1_90' title='bbox 1100 986 1184 1037; x_wconf 79' lang='grc' dir='ltr'><strong><em>καὶ</em></strong></span> <span class='ocrx_word' id='word_1_91' title='bbox 1221 982 1253 1052; x_wconf 76' lang='grc' dir='ltr'>ἡ</span> <span class='ocrx_word' id='word_1_92' title='bbox 1295 990 1588 1055; x_wconf 79' lang='grc' dir='ltr'><strong><em>φυσιολογία</em></strong></span> <span class='ocrx_word' id='word_1_93' title='bbox 1625 988 1709 1039; x_wconf 84' lang='grc' dir='ltr'><strong><em>καὶ</em></strong></span> <span class='ocrx_word' id='word_1_94' title='bbox 1746 984 1778 1054; x_wconf 80' lang='grc' dir='ltr'><em>ἦ</em></span> <span class='ocrx_word' id='word_1_95' title='bbox 1805 1009 1846 1041; x_wconf 83' lang='grc' dir='ltr'><strong><em>ιο</em></strong></span> 
     </span>
     <span class='ocr_line' id='line_1_12' title="bbox 87 1066 1782 1137; baseline 0.001 -19"><span class='ocrx_word' id='word_1_96' title='bbox 87 1069 355 1137; x_wconf 74' lang='grc' dir='ltr'><strong><em>αἰτιολογία</em></strong></span> <span class='ocrx_word' id='word_1_97' title='bbox 399 1070 481 1120; x_wconf 84' lang='grc' dir='ltr'><strong><em>καὶ</em></strong></span> <span class='ocrx_word' id='word_1_98' title='bbox 525 1066 557 1136; x_wconf 80' lang='grc' dir='ltr'><em>ἡ</em></span> <span class='ocrx_word' id='word_1_99' title='bbox 604 1071 861 1136; x_wconf 80' lang='grc' dir='ltr'><strong><em>θεραπεία.</em></strong></span> <span class='ocrx_word' id='word_1_100' title='bbox 940 1069 1208 1135; x_wconf 85' lang='grc' dir='ltr'><strong><em>Θεμίσων</em></strong></span> <span class='ocrx_word' id='word_1_101' title='bbox 1261 1066 1315 1118; x_wconf 82' lang='grc' dir='ltr'><strong><em>δὲ</em></strong></span> <span class='ocrx_word' id='word_1_102' title='bbox 1352 1067 1436 1118; x_wconf 84' lang='grc' dir='ltr'><strong><em>καὶ</em></strong></span> <span class='ocrx_word' id='word_1_103' title='bbox 1486 1066 1782 1130; x_wconf 85' lang='grc' dir='ltr'><strong><em>Θεσσαλὸς</em></strong></span> 
     </span>
     <span class='ocr_line' id='line_1_13' title="bbox 87 1146 1782 1217; baseline 0.001 -17"><span class='ocrx_word' id='word_1_104' title='bbox 87 1149 156 1200; x_wconf 80' lang='grc' dir='ltr'><strong><em>ἔτι</em></strong></span> <span class='ocrx_word' id='word_1_105' title='bbox 192 1147 326 1217; x_wconf 78' lang='grc' dir='ltr'><strong><em>παρὰ</em></strong></span> <span class='ocrx_word' id='word_1_106' title='bbox 364 1147 449 1212; x_wconf 75' lang='grc' dir='ltr'><strong><em>τὰς</em></strong></span> <span class='ocrx_word' id='word_1_107' title='bbox 481 1150 535 1201; x_wconf 80' lang='grc' dir='ltr'><strong><em>ἐν</em></strong></span> <span class='ocrx_word' id='word_1_108' title='bbox 564 1157 664 1212; x_wconf 87' lang='grc' dir='ltr'><strong><em>τοῖς</em></strong></span> <span class='ocrx_word' id='word_1_109' title='bbox 694 1148 856 1212; x_wconf 72' lang='grc' dir='ltr'><strong><em>ἄλλοις</em></strong></span> <span class='ocrx_word' id='word_1_110' title='bbox 880 1149 1043 1217; x_wconf 85' lang='grc' dir='ltr'><strong><em>μέρεσι</em></strong></span> <span class='ocrx_word' id='word_1_111' title='bbox 1070 1152 1158 1201; x_wconf 84' lang='grc' dir='ltr'><strong><em>τοῦ</em></strong></span> <span class='ocrx_word' id='word_1_112' title='bbox 1190 1146 1433 1214; x_wconf 79' lang='grc' dir='ltr'><strong><em>σώματος.</em></strong></span> <span class='ocrx_word' id='word_1_113' title='bbox 1461 1190 1471 1199; x_wconf 92' lang='grc'><strong><em>.</em></strong></span> <span class='ocrx_word' id='word_1_114' title='bbox 1497 1146 1607 1200; x_wconf 75' lang='grc' dir='ltr'><strong><em>,διὰ</em></strong></span> <span class='ocrx_word' id='word_1_115' title='bbox 1637 1147 1782 1201; x_wconf 83' lang='grc' dir='ltr'><strong><em>τοῦτό</em></strong></span> 
     </span>
     <span class='ocr_line' id='line_1_14' title="bbox 90 1227 1167 1298; baseline 0 -17"><span class='ocrx_word' id='word_1_116' title='bbox 90 1246 216 1295; x_wconf 88' lang='grc' dir='ltr'><strong><em>φασι</em></strong></span> <span class='ocrx_word' id='word_1_117' title='bbox 255 1227 320 1297; x_wconf 83' lang='grc' dir='ltr'><strong><em>μὴ</em></strong></span> <span class='ocrx_word' id='word_1_118' title='bbox 361 1228 487 1282; x_wconf 85' lang='grc' dir='ltr'><strong><em>εἶναι</em></strong></span> <span class='ocrx_word' id='word_1_119' title='bbox 524 1233 655 1283; x_wconf 82' lang='grc' dir='ltr'><strong><em>ἴδιον</em></strong></span> <span class='ocrx_word' id='word_1_120' title='bbox 692 1228 860 1292; x_wconf 88' lang='grc' dir='ltr'><strong><em>πάθος</em></strong></span> <span class='ocrx_word' id='word_1_121' title='bbox 898 1235 1167 1298; x_wconf 82' lang='grc' dir='ltr'><strong><em>γυναικῶν.</em></strong></span> 
     </span>
    </p>

    <p class='ocr_par' dir='ltr' id='par_1_3' title="bbox 88 1308 1852 1947">
     <span class='ocr_line' id='line_1_15' title="bbox 202 1308 1782 1378; baseline 0.001 -16"><span class='ocrx_word' id='word_1_122' title='bbox 202 1316 252 1364; x_wconf 86' lang='grc'><strong><em>4.</em></strong></span> <span class='ocrx_word' id='word_1_123' title='bbox 278 1312 362 1363; x_wconf 86' lang='grc' dir='ltr'><strong><em>καὶ</em></strong></span> <span class='ocrx_word' id='word_1_124' title='bbox 383 1310 573 1374; x_wconf 81' lang='grc' dir='ltr'><strong><em>τούτοις</em></strong></span> <span class='ocrx_word' id='word_1_125' title='bbox 603 1312 692 1378; x_wconf 85' lang='grc' dir='ltr'><strong><em>μὲν</em></strong></span> <span class='ocrx_word' id='word_1_126' title='bbox 723 1316 1055 1377; x_wconf 87' lang='grc' dir='ltr'><strong><em>συναινοῦμεν</em></strong></span> <span class='ocrx_word' id='word_1_127' title='bbox 1086 1308 1436 1377; x_wconf 78' lang='grc' dir='ltr'><strong><em>ἐξαμαρτάνειν</em></strong></span> <span class='ocrx_word' id='word_1_128' title='bbox 1465 1308 1579 1373; x_wconf 83' lang='grc' dir='ltr'><strong><em>τοὺς</em></strong></span> <span class='ocrx_word' id='word_1_129' title='bbox 1603 1309 1782 1373; x_wconf 71' lang='grc' dir='ltr'><strong><em>ἄλλους</em></strong></span> 
     </span>
     <span class='ocr_line' id='line_1_16' title="bbox 89 1388 1847 1461; baseline 0.002 -19"><span class='ocrx_word' id='word_1_130' title='bbox 89 1397 192 1452; x_wconf 80' lang='grc' dir='ltr'><strong><em>ταῖς</em></strong></span> <span class='ocrx_word' id='word_1_131' title='bbox 238 1389 528 1454; x_wconf 83' lang='grc' dir='ltr'><strong><em>ἀποδείξεσι.</em></strong></span> <span class='ocrx_word' id='word_1_132' title='bbox 605 1391 770 1459; x_wconf 86' lang='grc' dir='ltr'><strong><em>φαμὲν</em></strong></span> <span class='ocrx_word' id='word_1_133' title='bbox 813 1390 907 1461; x_wconf 77' lang='grc' dir='ltr'><strong><em>γὰρ</em></strong></span> <span class='ocrx_word' id='word_1_134' title='bbox 954 1390 1064 1445; x_wconf 74' lang='grc' dir='ltr'><strong><em>οὔτε</em></strong></span> <span class='ocrx_word' id='word_1_135' title='bbox 1108 1413 1152 1443; x_wconf 91' lang='grc' dir='ltr'><strong><em>τι</em></strong></span> <span class='ocrx_word' id='word_1_136' title='bbox 1190 1391 1434 1459; x_wconf 84' lang='grc' dir='ltr'><strong><em>τριπλεκὲς</em></strong></span> <span class='ocrx_word' id='word_1_137' title='bbox 1473 1388 1600 1443; x_wconf 87' lang='grc' dir='ltr'><strong><em>εἶναι</em></strong></span> <span class='ocrx_word' id='word_1_138' title='bbox 1636 1389 1780 1459; x_wconf 78' lang='grc' dir='ltr'><strong><em>ἡμῶν</em></strong></span> <span class='ocrx_word' id='word_1_139' title='bbox 1805 1412 1847 1446; x_wconf 84' lang='lat'><strong><em>15</em></strong></span> 
     </span>
     <span class='ocr_line' id='line_1_17' title="bbox 88 1470 1782 1541; baseline 0.001 -17"><span class='ocrx_word' id='word_1_140' title='bbox 88 1470 142 1524; x_wconf 88' lang='grc' dir='ltr'><strong><em>τὸ</em></strong></span> <span class='ocrx_word' id='word_1_141' title='bbox 194 1477 333 1539; x_wconf 80' lang='grc' dir='ltr'><strong><em>σῶμα</em></strong></span> <span class='ocrx_word' id='word_1_142' title='bbox 379 1474 460 1525; x_wconf 80' lang='grc' dir='ltr'><strong><em>καὶ</em></strong></span> <span class='ocrx_word' id='word_1_143' title='bbox 507 1476 803 1526; x_wconf 79' lang='grc' dir='ltr'><strong><em>διοικεῖσθαι</em></strong></span> <span class='ocrx_word' id='word_1_144' title='bbox 859 1473 948 1541; x_wconf 84' lang='grc' dir='ltr'><strong><em>μὲν</em></strong></span> <span class='ocrx_word' id='word_1_145' title='bbox 992 1480 1096 1535; x_wconf 86' lang='grc' dir='ltr'><strong><em>ταῖς</em></strong></span> <span class='ocrx_word' id='word_1_146' title='bbox 1140 1471 1304 1538; x_wconf 70' lang='grc' dir='ltr'><strong><em>ὕλαις,</em></strong></span> <span class='ocrx_word' id='word_1_147' title='bbox 1359 1475 1519 1524; x_wconf 83' lang='grc' dir='ltr'><strong><em>αἰτίαν</em></strong></span> <span class='ocrx_word' id='word_1_148' title='bbox 1566 1472 1621 1524; x_wconf 82' lang='grc' dir='ltr'><strong><em>δὲ</em></strong></span> <span class='ocrx_word' id='word_1_149' title='bbox 1666 1493 1782 1540; x_wconf 86' lang='grc' dir='ltr'><strong><em>προ-</em></strong></span> 
     </span>
     <span class='ocr_line' id='line_1_18' title="bbox 89 1551 1782 1621; baseline 0.001 -17"><span class='ocrx_word' id='word_1_150' title='bbox 89 1551 384 1620; x_wconf 88' lang='grc' dir='ltr'><strong><em>καταρτικὴν</em></strong></span> <span class='ocrx_word' id='word_1_151' title='bbox 438 1553 527 1620; x_wconf 80' lang='grc' dir='ltr'><strong><em>μὲν</em></strong></span> <span class='ocrx_word' id='word_1_152' title='bbox 579 1551 855 1621; x_wconf 77' lang='grc' dir='ltr'><strong><em>πληθώραν</em></strong></span> <span class='ocrx_word' id='word_1_153' title='bbox 909 1551 1036 1606; x_wconf 85' lang='grc' dir='ltr'><strong><em>εἶναι</em></strong></span> <span class='ocrx_word' id='word_1_154' title='bbox 1080 1560 1167 1607; x_wconf 82' lang='grc' dir='ltr'><strong><em>τοῦ</em></strong></span> <span class='ocrx_word' id='word_1_155' title='bbox 1210 1556 1435 1620; x_wconf 78' lang='grc' dir='ltr'><strong><em>αἵματος,</em></strong></span> <span class='ocrx_word' id='word_1_156' title='bbox 1492 1551 1782 1621; x_wconf 80' lang='grc' dir='ltr'><strong><em>συνεκτικὴν</em></strong></span> 
     </span>
     <span class='ocr_line' id='line_1_19' title="bbox 91 1632 1783 1734; baseline 0 -48"><span class='ocrx_word' id='word_1_157' title='bbox 91 1634 148 1686; x_wconf 79' lang='grc' dir='ltr'><strong><em>δὲ</em></strong></span> <span class='ocrx_word' id='word_1_158' title='bbox 192 1632 306 1734; x_wconf 60' lang='lat' dir='ltr'><strong><em>7:7*121e</em></strong></span> <span class='ocrx_word' id='word_1_159' title='bbox 330 1635 580 1702; x_wconf 87' lang='grc' dir='ltr'><strong><em>μετέρασίν</em></strong></span> <span class='ocrx_word' id='word_1_160' title='bbox 624 1655 673 1686; x_wconf 90' lang='grc' dir='ltr'><strong><em>τε</em></strong></span> <span class='ocrx_word' id='word_1_161' title='bbox 717 1636 800 1686; x_wconf 84' lang='grc' dir='ltr'><strong><em>καὶ</em></strong></span> <span class='ocrx_word' id='word_1_162' title='bbox 846 1633 1118 1701; x_wconf 85' lang='grc' dir='ltr'><strong><em>σφήνωσιν.</em></strong></span> <span class='ocrx_word' id='word_1_163' title='bbox 1201 1633 1344 1702; x_wconf 86' lang='grc' dir='ltr'><strong><em>πάθη</em></strong></span> <span class='ocrx_word' id='word_1_164' title='bbox 1394 1635 1447 1686; x_wconf 83' lang='grc' dir='ltr'><strong><em>δὲ</em></strong></span> <span class='ocrx_word' id='word_1_165' title='bbox 1498 1633 1616 1686; x_wconf 77' lang='grc' dir='ltr'><strong><em>ἔπτὰ</em></strong></span> <span class='ocrx_word' id='word_1_166' title='bbox 1661 1633 1783 1686; x_wconf 78' lang='grc' dir='ltr'><strong><em>κατὰ</em></strong></span> 
     </span>
     <span class='ocr_line' id='line_1_20' title="bbox 90 1713 1784 1786; baseline -0.001 -17"><span class='ocrx_word' id='word_1_167' title='bbox 90 1717 233 1786; x_wconf 78' lang='grc' dir='ltr'><strong><em>γένος</em></strong></span> <span class='ocrx_word' id='word_1_168' title='bbox 272 1713 339 1779; x_wconf 80' lang='grc' dir='ltr'><strong><em>ὦς</em></strong></span> <span class='ocrx_word' id='word_1_169' title='bbox 377 1714 469 1769; x_wconf 79' lang='grc' dir='ltr'><strong><em>οὐκ</em></strong></span> <span class='ocrx_word' id='word_1_170' title='bbox 507 1713 693 1782; x_wconf 78' lang='grc' dir='ltr'><strong><em>ἀληθὲς</em></strong></span> <span class='ocrx_word' id='word_1_171' title='bbox 730 1716 1034 1783; x_wconf 79' lang='grc' dir='ltr'><strong><em>παρέσταμεν</em></strong></span> <span class='ocrx_word' id='word_1_172' title='bbox 1074 1714 1157 1768; x_wconf 83' lang='grc' dir='ltr'><strong><em>δια</em></strong></span> <span class='ocrx_word' id='word_1_173' title='bbox 1194 1722 1389 1769; x_wconf 82' lang='grc' dir='ltr'><strong><em>πολλῶν</em></strong></span> <span class='ocrx_word' id='word_1_174' title='bbox 1435 1717 1497 1768; x_wconf 82' lang='grc' dir='ltr'><strong><em>ἔν</em></strong></span> <span class='ocrx_word' id='word_1_175' title='bbox 1545 1717 1784 1783; x_wconf 78' lang='grc' dir='ltr'><strong><em>ἑτέροις.</em></strong></span> 
     </span>
     <span class='ocr_line' id='line_1_21' title="bbox 92 1794 1852 1865; baseline 0.001 -15"><span class='ocrx_word' id='word_1_176' title='bbox 92 1795 192 1851; x_wconf 83' lang='grc' dir='ltr'><strong><em>εἶτα</em></strong></span> <span class='ocrx_word' id='word_1_177' title='bbox 229 1795 362 1864; x_wconf 83' lang='grc' dir='ltr'><strong><em>παρὰ</em></strong></span> <span class='ocrx_word' id='word_1_178' title='bbox 391 1795 481 1864; x_wconf 85' lang='grc' dir='ltr'><strong><em>τὴν</em></strong></span> <span class='ocrx_word' id='word_1_179' title='bbox 510 1818 664 1850; x_wconf 90' lang='grc' dir='ltr'><strong><em>ποιαν</em></strong></span> <span class='ocrx_word' id='word_1_180' title='bbox 692 1803 791 1849; x_wconf 82' lang='grc' dir='ltr'><strong><em>τῶν</em></strong></span> <span class='ocrx_word' id='word_1_181' title='bbox 820 1795 1029 1865; x_wconf 75' lang='grc' dir='ltr'><strong><em>πρώτων</em></strong></span> <span class='ocrx_word' id='word_1_182' title='bbox 1052 1794 1340 1864; x_wconf 82' lang='grc' dir='ltr'><strong><em>συμπλοκὴν</em></strong></span> <span class='ocrx_word' id='word_1_183' title='bbox 1371 1797 1613 1864; x_wconf 80' lang='grc' dir='ltr'><strong><em>ἐνδέχεται</em></strong></span> <span class='ocrx_word' id='word_1_184' title='bbox 1640 1797 1784 1863; x_wconf 88' lang='grc' dir='ltr'><strong><em>μέρος</em></strong></span> <span class='ocrx_word' id='word_1_185' title='bbox 1808 1819 1852 1851; x_wconf 83' lang='lat'><strong><em>20</em></strong></span> 
     </span>
     <span class='ocr_line' id='line_1_22' title="bbox 91 1875 1780 1951; baseline -0.002 -19"><span class='ocrx_word' id='word_1_186' title='bbox 91 1881 173 1932; x_wconf 78' lang='grc' dir='ltr'><strong><em>ἐπὶ</em></strong></span> <span class='ocrx_word' id='word_1_187' title='bbox 216 1884 434 1951; x_wconf 82' lang='grc' dir='ltr'><strong><em>θηλειῳν</em></strong></span> <span class='ocrx_word' id='word_1_188' title='bbox 486 1878 738 1947; x_wconf 79' lang='grc' dir='ltr'><strong><em>γεγονέναι</em></strong></span> <span class='ocrx_word' id='word_1_189' title='bbox 790 1899 835 1930; x_wconf 86' lang='grc' dir='ltr'><strong><em>τι</em></strong></span> <span class='ocrx_word' id='word_1_190' title='bbox 890 1876 1151 1946; x_wconf 84' lang='grc' dir='ltr'><strong><em>διάφορον.</em></strong></span> <span class='ocrx_word' id='word_1_191' title='bbox 1237 1879 1320 1929; x_wconf 83' lang='grc' dir='ltr'><strong><em>καὶ</em></strong></span> <span class='ocrx_word' id='word_1_192' title='bbox 1372 1875 1467 1946; x_wconf 80' lang='grc' dir='ltr'><strong><em>γὰρ</em></strong></span> <span class='ocrx_word' id='word_1_193' title='bbox 1520 1899 1578 1929; x_wconf 86' lang='grc' dir='ltr'><strong><em>τα</em></strong></span> <span class='ocrx_word' id='word_1_194' title='bbox 1633 1875 1780 1930; x_wconf 89' lang='grc' dir='ltr'><strong><em>λοιπα</em></strong></span> 
     </span>
    </p>
   </div>
   <div class='ocr_carea' id='block_1_3' title="bbox 95 2033 1788 2285">
    <p class='ocr_par' dir='ltr' id='par_1_4' title="bbox 95 2033 1767 2269">
     <span class='ocr_line' id='line_1_23' title="bbox 215 2033 1745 2110; baseline -0.001 -28"><span class='ocrx_word' id='word_1_195' title='bbox 215 2043 241 2082; x_wconf 90' lang='grc'><strong><em>6</em></strong></span> <span class='ocrx_word' id='word_1_196' title='bbox 274 2052 427 2093; x_wconf 87' lang='grc' dir='ltr'><strong><em>ωσπερ</em></strong></span> <span class='ocrx_word' id='word_1_197' title='bbox 460 2038 701 2109; x_wconf 81' lang='grc' dir='ltr'><strong><em>στοιχείων</em></strong></span> <span class='ocrx_word' id='word_1_198' title='bbox 733 2052 778 2082; x_wconf 88' lang='lat' dir='ltr'><strong><em>c·</em></strong></span> <span class='ocrx_word' id='word_1_199' title='bbox 812 2039 1051 2108; x_wconf 85' lang='grc' dir='ltr'><strong><em>στοιχείων</em></strong></span> <span class='ocrx_word' id='word_1_200' title='bbox 1085 2034 1237 2110; x_wconf 77' lang='grc' dir='ltr'><strong><em>ὥσπερ</em></strong></span> <span class='ocrx_word' id='word_1_201' title='bbox 1268 2037 1320 2083; x_wconf 90' lang='grc' dir='ltr'><strong><em>Ε.</em></strong></span> <span class='ocrx_word' id='word_1_202' title='bbox 1445 2042 1469 2081; x_wconf 90' lang='grc'><strong><em>7</em></strong></span> <span class='ocrx_word' id='word_1_203' title='bbox 1501 2033 1675 2109; x_wconf 80' lang='grc' dir='ltr'><strong><em>ταύτης</em></strong></span> <span class='ocrx_word' id='word_1_204' title='bbox 1707 2051 1745 2080; x_wconf 89' lang='lat' dir='ltr'><strong><em>c.</em></strong></span> 
     </span>
     <span class='ocr_line' id='line_1_24' title="bbox 96 2089 1723 2144; baseline -0.003 0"><span class='ocrx_word' id='word_1_205' title='bbox 96 2104 127 2144; x_wconf 89' lang='grc'>8</span> <span class='ocrx_word' id='word_1_206' title='bbox 155 2097 330 2141; x_wconf 80' lang='grc' dir='ltr'><strong><em>παθῶν</em></strong></span> <span class='ocrx_word' id='word_1_207' title='bbox 362 2096 419 2140; x_wconf 88' lang='lat' dir='ltr'><strong><em>E:</em></strong></span> <span class='ocrx_word' id='word_1_208' title='bbox 457 2093 576 2140; x_wconf 80' lang='grc' dir='ltr'><strong><em>καθ’</em></strong></span> <span class='ocrx_word' id='word_1_209' title='bbox 612 2089 678 2141; x_wconf 79' lang='grc' dir='ltr'><strong><em>ὧν</em></strong></span> <span class='ocrx_word' id='word_1_210' title='bbox 711 2111 748 2140; x_wconf 82' lang='lat'><strong><em>0.</em></strong></span> <span class='ocrx_word' id='word_1_211' title='bbox 870 2095 951 2141; x_wconf 81' lang='grc' dir='ltr'><strong><em>διὰ</em></strong></span> <span class='ocrx_word' id='word_1_212' title='bbox 983 2098 1077 2141; x_wconf 81' lang='grc' dir='ltr'><strong><em>τῶν</em></strong></span> <span class='ocrx_word' id='word_1_213' title='bbox 1110 2093 1267 2142; x_wconf 77' lang='grc' dir='ltr'><strong><em>αὐτῶν</em></strong></span> <span class='ocrx_word' id='word_1_214' title='bbox 1298 2096 1359 2140; x_wconf 88' lang='grc' dir='ltr'><strong><em>Ε.</em></strong></span> <span class='ocrx_word' id='word_1_215' title='bbox 1391 2092 1458 2140; x_wconf 79' lang='grc' dir='ltr'><strong><em>δι’</em></strong></span> <span class='ocrx_word' id='word_1_216' title='bbox 1494 2092 1652 2140; x_wconf 81' lang='grc' dir='ltr'><strong><em>αυτῶν</em></strong></span> <span class='ocrx_word' id='word_1_217' title='bbox 1687 2109 1723 2140; x_wconf 82' lang='lat'><strong><em>0.</em></strong></span> 
     </span>
     <span class='ocr_line' id='line_1_25' title="bbox 95 2153 1724 2230; baseline -0.002 -29"><span class='ocrx_word' id='word_1_218' title='bbox 95 2154 460 2230; x_wconf 80' lang='grc' dir='ltr'><strong><em>θεραπεύεσθαι</em></strong></span> <span class='ocrx_word' id='word_1_219' title='bbox 494 2170 531 2200; x_wconf 86' lang='lat'><strong><em>0.</em></strong></span> <span class='ocrx_word' id='word_1_220' title='bbox 685 2160 738 2198; x_wconf 87' lang='grc'><strong><em>12</em></strong></span> <span class='ocrx_word' id='word_1_221' title='bbox 774 2153 862 2200; x_wconf 75' lang='grc' dir='ltr'><strong><em>ἔτιε</em></strong></span> <span class='ocrx_word' id='word_1_222' title='bbox 905 2153 983 2200; x_wconf 79' lang='grc' dir='ltr'><strong><em>ἐπὶ</em></strong></span> <span class='ocrx_word' id='word_1_223' title='bbox 1014 2170 1052 2201; x_wconf 87' lang='lat' dir='ltr'><strong><em>c.</em></strong></span> <span class='ocrx_word' id='word_1_224' title='bbox 1203 2156 1419 2200; x_wconf 79' lang='lat' dir='ltr'>lacunam</span> <span class='ocrx_word' id='word_1_225' title='bbox 1452 2154 1724 2212; x_wconf 77' lang='lat' dir='ltr'>significavi.</span> 
     </span>
     <span class='ocr_line' id='line_1_26' title="bbox 98 2211 1788 2285; baseline -0.002 -25"><span class='ocrx_word' id='word_1_226' title='bbox 98 2221 155 2260; x_wconf 79' lang='lat'><strong><em>14</em></strong></span> <span class='ocrx_word' id='word_1_227' title='bbox 187 2212 251 2268; x_wconf 74' lang='grc' dir='ltr'><strong><em>ἐξ.</em></strong></span> <span class='ocrx_word' id='word_1_228' title='bbox 286 2214 339 2260; x_wconf 78' lang='grc' dir='ltr'><strong><em>δὲ</em></strong></span> <span class='ocrx_word' id='word_1_229' title='bbox 371 2232 408 2259; x_wconf 88' lang='grc' dir='ltr'><strong><em>τ.</em></strong></span> <span class='ocrx_word' id='word_1_230' title='bbox 443 2232 486 2258; x_wconf 93' lang='grc' dir='ltr'><strong><em>α</em></strong></span> <span class='ocrx_word' id='word_1_231' title='bbox 521 2229 557 2259; x_wconf 87' lang='lat' dir='ltr'><strong><em>c.</em></strong></span> <span class='ocrx_word' id='word_1_232' title='bbox 706 2219 760 2259; x_wconf 88' lang='lat'><strong><em>15</em></strong></span> <span class='ocrx_word' id='word_1_233' title='bbox 794 2211 902 2260; x_wconf 86' lang='grc' dir='ltr'><strong><em>οὔτε</em></strong></span> <span class='ocrx_word' id='word_1_234' title='bbox 935 2212 988 2258; x_wconf 89' lang='grc' dir='ltr'><strong><em>τὸ</em></strong></span> <span class='ocrx_word' id='word_1_235' title='bbox 1022 2230 1058 2260; x_wconf 91' lang='lat' dir='ltr'><strong><em>c.</em></strong></span> <span class='ocrx_word' id='word_1_236' title='bbox 1211 2213 1468 2285; x_wconf 72' lang='grc' dir='ltr'><strong><em>τρικλεκέςτ</em></strong></span> <span class='ocrx_word' id='word_1_237' title='bbox 1502 2213 1788 2258; x_wconf 81' lang='lat' dir='ltr'>sci1.Erasi-</span> 
     </span>
    </p>
   </div>
   <div class='ocr_carea' id='block_1_4' title="bbox 96 2268 1790 2450">
    <p class='ocr_par' dir='ltr' id='par_1_5' title="bbox 96 2268 1790 2450">
     <span class='ocr_line' id='line_1_27' title="bbox 96 2268 1789 2349; baseline -0.002 -29"><span class='ocrx_word' id='word_1_238' title='bbox 96 2277 271 2320; x_wconf 73' lang='lat' dir='ltr'><strong>stratus</strong></span> <span class='ocrx_word' id='word_1_239' title='bbox 313 2270 377 2325; x_wconf 77' lang='grc' dir='ltr'><strong><em>(ὃς</em></strong></span> <span class='ocrx_word' id='word_1_240' title='bbox 408 2291 557 2331; x_wconf 85' lang='grc' dir='ltr'><strong><em>αρχας</em></strong></span> <span class='ocrx_word' id='word_1_241' title='bbox 589 2273 669 2317; x_wconf 82' lang='grc' dir='ltr'><strong><em>καὶ</em></strong></span> <span class='ocrx_word' id='word_1_242' title='bbox 685 2279 906 2345; x_wconf 81' lang='grc' dir='ltr'><strong><em>στοιχεῖα</em></strong></span> <span class='ocrx_word' id='word_1_243' title='bbox 937 2268 1048 2319; x_wconf 84' lang='grc' dir='ltr'><strong><em>ολου</em></strong></span> <span class='ocrx_word' id='word_1_244' title='bbox 1081 2275 1165 2318; x_wconf 82' lang='grc' dir='ltr'><strong><em>τοῦ</em></strong></span> <span class='ocrx_word' id='word_1_245' title='bbox 1181 2271 1410 2349; x_wconf 79' lang='grc' dir='ltr'><strong><em>σώματος</em></strong></span> <span class='ocrx_word' id='word_1_246' title='bbox 1439 2268 1789 2343; x_wconf 83' lang='grc' dir='ltr'><strong><em>υποτιθέμενος</em></strong></span> 
     </span>
     <span class='ocr_line' id='line_1_28' title="bbox 99 2327 1788 2404; baseline -0.002 -27"><span class='ocrx_word' id='word_1_247' title='bbox 99 2331 185 2391; x_wconf 88' lang='grc' dir='ltr'><strong><em>τὴν</em></strong></span> <span class='ocrx_word' id='word_1_248' title='bbox 224 2334 497 2404; x_wconf 85' lang='grc' dir='ltr'><strong><em>τριπλοκίαν</em></strong></span> <span class='ocrx_word' id='word_1_249' title='bbox 537 2333 630 2377; x_wconf 81' lang='grc' dir='ltr'><strong><em>τῶν</em></strong></span> <span class='ocrx_word' id='word_1_250' title='bbox 669 2329 888 2404; x_wconf 78' lang='grc' dir='ltr'><strong><em>αγγείων,</em></strong></span> <span class='ocrx_word' id='word_1_251' title='bbox 935 2333 1083 2403; x_wconf 80' lang='grc' dir='ltr'><strong><em>νεῦρα</em></strong></span> <span class='ocrx_word' id='word_1_252' title='bbox 1115 2331 1196 2376; x_wconf 87' lang='grc' dir='ltr'><strong><em>καὶ</em></strong></span> <span class='ocrx_word' id='word_1_253' title='bbox 1228 2331 1406 2403; x_wconf 84' lang='grc' dir='ltr'><strong><em>φλέβας</em></strong></span> <span class='ocrx_word' id='word_1_254' title='bbox 1436 2331 1518 2375; x_wconf 84' lang='grc' dir='ltr'><strong><em>καὶ</em></strong></span> <span class='ocrx_word' id='word_1_255' title='bbox 1549 2327 1788 2403; x_wconf 74' lang='grc' dir='ltr'><strong><em>ἀρτηρίας,</em></strong></span> 
     </span>
     <span class='ocr_line' id='line_1_29' title="bbox 97 2385 1790 2450; baseline -0.002 -13"><span class='ocrx_word' id='word_1_256' title='bbox 97 2394 378 2450; x_wconf 82' lang='grc' dir='ltr'><strong><em>παραλείπει</em></strong></span> <span class='ocrx_word' id='word_1_257' title='bbox 409 2389 467 2436; x_wconf 87' lang='grc' dir='ltr'><strong><em>τά</em></strong></span> <span class='ocrx_word' id='word_1_258' title='bbox 491 2408 539 2436; x_wconf 89' lang='grc' dir='ltr'><strong><em>τε</em></strong></span> <span class='ocrx_word' id='word_1_259' title='bbox 566 2388 688 2448; x_wconf 80' lang='grc' dir='ltr'><strong><em>ὖγρα</em></strong></span> <span class='ocrx_word' id='word_1_260' title='bbox 713 2391 794 2435; x_wconf 85' lang='grc' dir='ltr'><strong><em>καὶ</em></strong></span> <span class='ocrx_word' id='word_1_261' title='bbox 816 2389 875 2437; x_wconf 78' lang='grc' dir='ltr'><strong><em>τὰ</em></strong></span> <span class='ocrx_word' id='word_1_262' title='bbox 899 2407 1161 2449; x_wconf 85' lang='grc' dir='ltr'><strong><em>πνενματα.</em></strong></span> <span class='ocrx_word' id='word_1_263' title='bbox 1195 2391 1300 2436; x_wconf 81' lang='grc' dir='ltr'><strong><em>δυσὶ</em></strong></span> <span class='ocrx_word' id='word_1_264' title='bbox 1325 2389 1414 2448; x_wconf 77' lang='grc' dir='ltr'><strong><em>γὰρ</em></strong></span> <span class='ocrx_word' id='word_1_265' title='bbox 1436 2385 1573 2441; x_wconf 85' lang='grc' dir='ltr'><strong><em>υλαις</em></strong></span> <span class='ocrx_word' id='word_1_266' title='bbox 1593 2388 1790 2440; x_wconf 79' lang='grc' dir='ltr'><strong><em>ταύταις</em></strong></span> 
     </span>
    </p>
   </div>
   <div class='ocr_carea' id='block_1_5' title="bbox 98 2449 1790 2816">
    <p class='ocr_par' dir='ltr' id='par_1_6' title="bbox 98 2449 1787 2568">
     <span class='ocr_line' id='line_1_30' title="bbox 98 2449 1787 2511; baseline -0.001 -15"><span class='ocrx_word' id='word_1_267' title='bbox 98 2454 390 2497; x_wconf 74' lang='grc' dir='ltr'><strong><em>διοικεῖσθαι</em></strong></span> <span class='ocrx_word' id='word_1_268' title='bbox 421 2449 547 2508; x_wconf 75' lang='grc' dir='ltr'><strong><em>λέγει</em></strong></span> <span class='ocrx_word' id='word_1_269' title='bbox 579 2449 631 2495; x_wconf 92' lang='grc' dir='ltr'><strong><em>τὸ</em></strong></span> <span class='ocrx_word' id='word_1_270' title='bbox 667 2452 786 2511; x_wconf 80' lang='grc' dir='ltr'><strong><em>ζῷον</em></strong></span> <span class='ocrx_word' id='word_1_271' title='bbox 819 2453 906 2496; x_wconf 70' lang='lat' dir='ltr'><strong>etc.</strong></span> <span class='ocrx_word' id='word_1_272' title='bbox 941 2451 1011 2495; x_wconf 83' lang='lat' dir='ltr'><strong><em>Ps.</em></strong></span> <span class='ocrx_word' id='word_1_273' title='bbox 1046 2449 1148 2496; x_wconf 85' lang='lat' dir='ltr'><strong>Gal.</strong></span> <span class='ocrx_word' id='word_1_274' title='bbox 1179 2451 1298 2508; x_wconf 85' lang='lat' dir='ltr'>isag.</span> <span class='ocrx_word' id='word_1_275' title='bbox 1331 2449 1454 2505; x_wconf 85' lang='lat' dir='ltr'>XIV,</span> <span class='ocrx_word' id='word_1_276' title='bbox 1479 2455 1580 2494; x_wconf 88' lang='grc'><strong><em>697.</em></strong></span> <span class='ocrx_word' id='word_1_277' title='bbox 1735 2454 1787 2494; x_wconf 92' lang='grc'><strong><em>16</em></strong></span> 
     </span>
     <span class='ocr_line' id='line_1_31' title="bbox 101 2496 1707 2568; baseline -0.002 -13"><span class='ocrx_word' id='word_1_278' title='bbox 101 2513 376 2556; x_wconf 81' lang='grc' dir='ltr'><strong><em>διακεῖσθαι</em></strong></span> <span class='ocrx_word' id='word_1_279' title='bbox 408 2528 453 2568; x_wconf 92' lang='grc' dir='ltr'><strong><em>μ.</em></strong></span> <span class='ocrx_word' id='word_1_280' title='bbox 485 2517 588 2562; x_wconf 80' lang='grc' dir='ltr'><strong><em>ταῖς</em></strong></span> <span class='ocrx_word' id='word_1_281' title='bbox 618 2496 774 2562; x_wconf 74' lang='grc' dir='ltr'><strong><em>ὕλαιςε</em></strong></span> <span class='ocrx_word' id='word_1_282' title='bbox 830 2512 1165 2566; x_wconf 82' lang='grc' dir='ltr'><strong><em>διακεκρῖσθαι</em></strong></span> <span class='ocrx_word' id='word_1_283' title='bbox 1198 2510 1298 2566; x_wconf 78' lang='lat' dir='ltr'>(sic)</span> <span class='ocrx_word' id='word_1_284' title='bbox 1331 2527 1375 2567; x_wconf 92' lang='grc' dir='ltr'><strong><em>μ.</em></strong></span> <span class='ocrx_word' id='word_1_285' title='bbox 1408 2526 1492 2559; x_wconf 89' lang='grc' dir='ltr'><strong><em>τας</em></strong></span> <span class='ocrx_word' id='word_1_286' title='bbox 1523 2504 1637 2559; x_wconf 88' lang='grc' dir='ltr'><strong><em>υλας</em></strong></span> <span class='ocrx_word' id='word_1_287' title='bbox 1670 2522 1707 2552; x_wconf 80' lang='grc' dir='ltr'><strong><em>ο.</em></strong></span> 
     </span>
    </p>

    <p class='ocr_par' dir='ltr' id='par_1_7' title="bbox 102 2567 1790 2804">
     <span class='ocr_line' id='line_1_32' title="bbox 102 2567 1790 2626; baseline -0.002 -12"><span class='ocrx_word' id='word_1_288' title='bbox 102 2575 158 2615; x_wconf 81' lang='grc'><strong><em>17</em></strong></span> <span class='ocrx_word' id='word_1_289' title='bbox 198 2567 456 2626; x_wconf 81' lang='grc' dir='ltr'><strong><em>πληθώραν</em></strong></span> <span class='ocrx_word' id='word_1_290' title='bbox 496 2569 624 2615; x_wconf 83' lang='lat' dir='ltr'><strong>Eras.</strong></span> <span class='ocrx_word' id='word_1_291' title='bbox 665 2570 696 2614; x_wconf 91' lang='lat'><strong><em>1.</em></strong></span> <span class='ocrx_word' id='word_1_292' title='bbox 739 2583 775 2614; x_wconf 84' lang='lat' dir='ltr'>c</span> <span class='ocrx_word' id='word_1_293' title='bbox 819 2574 919 2614; x_wconf 82' lang='lat'><strong><em>692.</em></strong></span> <span class='ocrx_word' id='word_1_294' title='bbox 970 2570 1025 2613; x_wconf 86' lang='lat' dir='ltr'><strong><em>ef.</em></strong></span> <span class='ocrx_word' id='word_1_295' title='bbox 1058 2569 1242 2613; x_wconf 82' lang='lat' dir='ltr'>Hecker</span> <span class='ocrx_word' id='word_1_296' title='bbox 1272 2570 1313 2623; x_wconf 93' lang='grc' dir='ltr'><strong><em>Ι,</em></strong></span> <span class='ocrx_word' id='word_1_297' title='bbox 1347 2573 1447 2614; x_wconf 82' lang='lat'><strong><em>365.</em></strong></span> <span class='ocrx_word' id='word_1_298' title='bbox 1479 2573 1581 2612; x_wconf 83' lang='grc'><strong><em>275.</em></strong></span> <span class='ocrx_word' id='word_1_299' title='bbox 1736 2572 1790 2612; x_wconf 89' lang='grc'><strong><em>18</em></strong></span> 
     </span>
     <span class='ocr_line' id='line_1_33' title="bbox 104 2627 1788 2700; baseline -0.002 -26"><span class='ocrx_word' id='word_1_300' title='bbox 104 2629 352 2700; x_wconf 62' lang='grc' dir='ltr'><strong><em>μετέρασιν</em></strong></span> <span class='ocrx_word' id='word_1_301' title='bbox 378 2650 434 2666; x_wconf 89' lang='lat'>=</span> <span class='ocrx_word' id='word_1_302' title='bbox 458 2627 792 2686; x_wconf 84' lang='grc' dir='ltr'><strong><em>παρέμπτωσιν</em></strong></span> <span class='ocrx_word' id='word_1_303' title='bbox 824 2629 853 2673; x_wconf 94' lang='grc'><strong><em>1.</em></strong></span> <span class='ocrx_word' id='word_1_304' title='bbox 888 2643 926 2673; x_wconf 80' lang='lat' dir='ltr'><strong><em>c.</em></strong></span> <span class='ocrx_word' id='word_1_305' title='bbox 959 2629 1049 2685; x_wconf 79' lang='lat' dir='ltr'>(Ps.</span> <span class='ocrx_word' id='word_1_306' title='bbox 1077 2628 1197 2681; x_wconf 80' lang='lat' dir='ltr'>Gal.)</span> <span class='ocrx_word' id='word_1_307' title='bbox 1228 2627 1351 2698; x_wconf 91' lang='lat' dir='ltr'><strong>XIV,</strong></span> <span class='ocrx_word' id='word_1_308' title='bbox 1377 2633 1477 2672; x_wconf 85' lang='grc'><strong><em>692.</em></strong></span> <span class='ocrx_word' id='word_1_309' title='bbox 1512 2631 1611 2671; x_wconf 85' lang='grc'><strong><em>728.</em></strong></span> <span class='ocrx_word' id='word_1_310' title='bbox 1736 2631 1788 2670; x_wconf 89' lang='grc'><strong><em>19</em></strong></span> 
     </span>
     <span class='ocr_line' id='line_1_34' title="bbox 102 2684 1790 2758; baseline -0.003 -26"><span class='ocrx_word' id='word_1_311' title='bbox 102 2705 143 2744; x_wconf 74' lang='grc' dir='ltr'><strong><em>γ.</em></strong></span> <span class='ocrx_word' id='word_1_312' title='bbox 177 2685 265 2732; x_wconf 78' lang='grc' dir='ltr'><strong><em>οὐκ</em></strong></span> <span class='ocrx_word' id='word_1_313' title='bbox 298 2684 368 2732; x_wconf 91' lang='grc' dir='ltr'><strong><em>αλ.</em></strong></span> <span class='ocrx_word' id='word_1_314' title='bbox 402 2684 463 2738; x_wconf 79' lang='grc' dir='ltr'><strong><em>ὡς</em></strong></span> <span class='ocrx_word' id='word_1_315' title='bbox 495 2688 801 2758; x_wconf 82' lang='grc' dir='ltr'><strong><em>παριστᾶμεν</em></strong></span> <span class='ocrx_word' id='word_1_316' title='bbox 819 2703 858 2733; x_wconf 86' lang='lat' dir='ltr'><strong><em>c.</em></strong></span> <span class='ocrx_word' id='word_1_317' title='bbox 994 2692 1052 2731; x_wconf 81' lang='lat'><strong><em>20</em></strong></span> <span class='ocrx_word' id='word_1_318' title='bbox 1084 2688 1176 2730; x_wconf 80' lang='grc' dir='ltr'><strong><em>τῶν</em></strong></span> <span class='ocrx_word' id='word_1_319' title='bbox 1207 2684 1402 2758; x_wconf 81' lang='grc' dir='ltr'><strong><em>πρώτων</em></strong></span> <span class='ocrx_word' id='word_1_320' title='bbox 1434 2689 1513 2741; x_wconf 83' lang='lat' dir='ltr'><strong><em>(sc</em></strong></span> <span class='ocrx_word' id='word_1_321' title='bbox 1545 2687 1639 2729; x_wconf 77' lang='grc' dir='ltr'><strong><em>τῶν</em></strong></span> <span class='ocrx_word' id='word_1_322' title='bbox 1672 2700 1790 2730; x_wconf 88' lang='grc' dir='ltr'><strong><em>στοι-</em></strong></span> 
     </span>
     <span class='ocr_line' id='line_1_35' title="bbox 104 2743 1790 2816; baseline -0.002 -26"><span class='ocrx_word' id='word_1_323' title='bbox 104 2748 265 2816; x_wconf 78' lang='grc' dir='ltr'><strong><em>χείων)</em></strong></span> <span class='ocrx_word' id='word_1_324' title='bbox 297 2743 569 2804; x_wconf 82' lang='grc' dir='ltr'><strong><em>συμπλοκήν</em></strong></span> <span class='ocrx_word' id='word_1_325' title='bbox 601 2746 648 2804; x_wconf 87' lang='lat' dir='ltr'><strong><em>(i.</em></strong></span> <span class='ocrx_word' id='word_1_326' title='bbox 682 2761 720 2792; x_wconf 86' lang='lat' dir='ltr'><strong><em>e.</em></strong></span> <span class='ocrx_word' id='word_1_327' title='bbox 752 2743 840 2804; x_wconf 84' lang='grc' dir='ltr'><strong><em>τὴν</em></strong></span> <span class='ocrx_word' id='word_1_328' title='bbox 870 2747 1144 2803; x_wconf 81' lang='grc' dir='ltr'><strong><em>τριπλοκίαν</em></strong></span> <span class='ocrx_word' id='word_1_329' title='bbox 1175 2747 1266 2790; x_wconf 81' lang='grc' dir='ltr'><strong><em>τῶν</em></strong></span> <span class='ocrx_word' id='word_1_330' title='bbox 1298 2743 1536 2802; x_wconf 76' lang='grc' dir='ltr'><strong><em>ἀγγείων).</em></strong></span> <span class='ocrx_word' id='word_1_331' title='bbox 1658 2749 1712 2787; x_wconf 86' lang='grc'><strong><em>21</em></strong></span> <span class='ocrx_word' id='word_1_332' title='bbox 1746 2761 1790 2786; x_wconf 90' lang='grc' dir='ltr'><strong><em>τι</em></strong></span> 
     </span>
    </p>
   </div>
   <div class='ocr_carea' id='block_1_6' title="bbox 100 2802 1790 2922">
    <p class='ocr_par' dir='ltr' id='par_1_8' title="bbox 100 2802 1790 2922">
     <span class='ocr_line' id='line_1_36' title="bbox 102 2802 1787 2880; baseline -0.002 -30"><span class='ocrx_word' id='word_1_333' title='bbox 102 2803 358 2878; x_wconf 72' lang='grc' dir='ltr'><strong><em>ὃιάφορονε</em></strong></span> <span class='ocrx_word' id='word_1_334' title='bbox 407 2802 719 2880; x_wconf 77' lang='grc' dir='ltr'><strong><em>ἕπιδιάφορον</em></strong></span> <span class='ocrx_word' id='word_1_335' title='bbox 759 2820 784 2850; x_wconf 84' lang='lat' dir='ltr'><strong>e</strong></span> <span class='ocrx_word' id='word_1_336' title='bbox 824 2805 900 2862; x_wconf 82' lang='lat' dir='ltr'><strong>(cf.</strong></span> <span class='ocrx_word' id='word_1_337' title='bbox 942 2808 1105 2850; x_wconf 72' lang='lat' dir='ltr'>eontra</span> <span class='ocrx_word' id='word_1_338' title='bbox 1146 2805 1275 2850; x_wconf 72' lang='lat' dir='ltr'>Erae</span> <span class='ocrx_word' id='word_1_339' title='bbox 1307 2806 1379 2849; x_wconf 73' lang='lat' dir='ltr'><strong><em>Pe.</em></strong></span> <span class='ocrx_word' id='word_1_340' title='bbox 1414 2803 1515 2848; x_wconf 86' lang='lat' dir='ltr'><strong>Gal.</strong></span> <span class='ocrx_word' id='word_1_341' title='bbox 1546 2803 1670 2876; x_wconf 92' lang='lat' dir='ltr'><strong>XIV,</strong></span> <span class='ocrx_word' id='word_1_342' title='bbox 1702 2807 1787 2847; x_wconf 88' lang='grc'><strong><em>697</em></strong></span> 
     </span>
     <span class='ocr_line' id='line_1_37' title="bbox 100 2857 1790 2922; baseline -0.003 -13"><span class='ocrx_word' id='word_1_343' title='bbox 100 2862 250 2909; x_wconf 78' lang='grc' dir='ltr'><strong><em>πολλὰ</em></strong></span> <span class='ocrx_word' id='word_1_344' title='bbox 291 2861 344 2909; x_wconf 77' lang='grc' dir='ltr'><strong><em>δὲ</em></strong></span> <span class='ocrx_word' id='word_1_345' title='bbox 386 2863 466 2909; x_wconf 80' lang='grc' dir='ltr'><strong><em>καὶ</em></strong></span> <span class='ocrx_word' id='word_1_346' title='bbox 505 2861 622 2909; x_wconf 88' lang='grc' dir='ltr'><strong><em>αλλα</em></strong></span> <span class='ocrx_word' id='word_1_347' title='bbox 660 2866 753 2909; x_wconf 75' lang='grc' dir='ltr'><strong><em>τῶν</em></strong></span> <span class='ocrx_word' id='word_1_348' title='bbox 793 2861 1020 2922; x_wconf 87' lang='grc' dir='ltr'><strong><em>σωμάτων</em></strong></span> <span class='ocrx_word' id='word_1_349' title='bbox 1061 2866 1164 2920; x_wconf 76' lang='grc' dir='ltr'><strong><em>εἴδη</em></strong></span> <span class='ocrx_word' id='word_1_350' title='bbox 1206 2860 1471 2921; x_wconf 80' lang='grc' dir='ltr'><strong><em>εὑρίσκεται</em></strong></span> <span class='ocrx_word' id='word_1_351' title='bbox 1505 2857 1591 2906; x_wconf 75' lang='grc' dir='ltr'><strong><em>οὐκ</em></strong></span> <span class='ocrx_word' id='word_1_352' title='bbox 1624 2858 1677 2906; x_wconf 79' lang='grc' dir='ltr'><strong><em>ἐκ</em></strong></span> <span class='ocrx_word' id='word_1_353' title='bbox 1708 2862 1790 2918; x_wconf 86' lang='grc' dir='ltr'><strong><em>τῆς</em></strong></span> 
     </span>
    </p>
   </div>
  </div>
 </body>
</html>
