2014 3162
748 89 1151 141 —135-

222 218 276 262 In
316 216 515 262 circuitu
561 217 719 262 clausa
763 217 844 262 ubi
890 218 1023 262 sedet
1067 218 1232 263 mulier
1269 220 1510 277 tamquam
1551 222 1791 278 podiolam

103 275 328 332 lunatam,
360 277 408 321 et
438 276 612 320 habeat
642 277 764 321 unde
795 276 1028 321 medicina
1060 290 1303 323 accessura
1333 282 1418 334 est,
1450 281 1499 324 et
1529 283 1690 338 aperta
1721 283 1793 326 est

102 350 132 381 a
160 334 413 380 medietate
444 335 516 379 sui
546 335 784 392 opposita,
816 349 957 392 quam
991 336 998 392 Ι
1034 335 1234 380 calidam
1267 338 1521 394 continens,
1555 341 1602 384 et
1631 342 1790 385 tamen
1805 350 1966 391 (f.154b)

99 407 264 438 manus
295 393 527 439 medicine
557 407 652 438 non
683 395 929 451 prohibere
960 394 1145 439 facilior
1175 409 1374 452 gressus,

221 457 290 497 62.
324 451 474 506 Quare
507 453 686 497 duobus
719 455 935 510 gravatos
965 451 1133 498 mulier
1162 454 1369 499 habeat?
1814 468 1835 500 5

222 511 341 566 Quia
371 525 490 556 unus
521 511 692 557 utlibet
724 514 894 558 stratus
927 527 1018 569 quo
1050 514 1159 558 ante
1190 513 1378 570 partum
1408 514 1576 559 mulier
1606 515 1645 559 si
1668 514 1789 561 forte

98 571 163 615 sit
192 571 361 616 lassior
388 571 644 626 recumbat,
674 572 795 615 alter
824 572 1012 617 mollior
1042 573 1228 628 stratus,
1261 572 1323 617 ad
1345 573 1435 617 hoc
1458 575 1634 630 partuS,
1664 575 1718 618 ut
1742 589 1789 619 se

99 631 260 686 partus
290 629 577 687 liberaverit,
608 631 759 687 possit
788 631 975 676 mollius
1008 631 1056 676 et
1088 630 1336 676 salubriter
1367 631 1618 688 quiescere.

219 695 287 734 63.
325 688 471 743 Quem
503 689 757 735 admodum
789 690 1048 734 ordinanda
1075 692 1146 735 est
1169 704 1290 746 quae
1311 691 1506 748 incipiet
1527 692 1788 748 parturire?

218 747 392 805 Supina
427 749 568 794 debet
597 749 749 793 iacere
779 748 829 792 in
859 749 982 794 lecto
1013 762 1134 805 quae
1166 752 1239 794 est
1271 749 1427 794 durior
1458 750 1626 795 clausis
1656 750 1786 806 pedi·
1813 762 1856 794 10

99 806 200 860 bus,
231 807 312 852 sed
343 806 519 864 apertis
549 807 737 852 renibus
770 809 818 851 et
840 806 1103 854 femoribus.
1151 821 1321 853 nomen
1344 809 1568 866 principis
1593 809 1786 855 adsidue

94 865 375 922 nominetur,
409 880 491 911 rex
522 867 604 911 aut
632 866 887 923 imperator
917 866 1040 911 enim
1071 867 1200 924 greci
1230 867 1347 912 haec
1378 868 1552 934 fingere
1576 868 1786 924 dicimus,

95 925 206 968 ante
249 927 504 982 rumpatur.
569 939 674 969 cum
706 925 830 970 enim
859 925 1070 982 proxima
1100 925 1170 971 vis
1199 926 1537 983 magnitudinis
1569 929 1789 984 apertura

93 983 277 1041 fecerit,
322 986 434 1028 tunc
477 984 618 1029 debet
666 984 825 1029 sedere
870 985 919 1028 in
959 984 1075 1029 sella
1114 984 1403 1039 obsetricali‚
1452 987 1500 1029 et
1536 985 1606 1030 ita
1644 985 1786 1031 debes

96 1056 274 1099 parere.
323 1043 448 1099 quod
480 1044 519 1087 si
547 1044 847 1100 neglegentia
869 1044 945 1087 vel
969 1043 1133 1100 inopia
1154 1044 1230 1088 vel
1252 1045 1529 1100 paupertate
1552 1044 1786 1101 parientes
1811 1056 1853 1088 15

92 1101 212 1146 sella
255 1101 352 1147 tale
405 1116 500 1147 non
536 1102 696 1157 fuerit,
745 1103 904 1147 sedere
952 1102 1143 1147 debebit
1184 1116 1322 1158 super
1359 1102 1537 1147 femora
1577 1103 1785 1147 mulieris

90 1160 240 1218 valle,
271 1160 350 1205 vel
371 1163 481 1205 ante
513 1162 651 1218 partu
684 1175 739 1206 ex
769 1161 929 1217 aliqua
958 1161 1244 1216 iufirmitate,
1283 1163 1393 1205 tunc
1426 1161 1570 1206 etiam
1601 1162 1649 1206 in
1680 1176 1786 1218 gra-

91 1221 205 1264 vato
237 1220 357 1264 solet
385 1220 538 1264 foetus
569 1220 829 1276 provocari.

213 1283 283 1324 64.
333 1278 454 1332 Quid
491 1278 759 1324 faciendum
799 1278 839 1323 si
870 1279 989 1323 forte
1021 1279 1143 1323 foros
1175 1293 1317 1335 supra
1350 1278 1548 1335 scriptus
1580 1280 1663 1335 est,
1706 1278 1786 1335 qui

90 1336 200 1382 ideo
229 1338 322 1394 ipsi
354 1339 514 1395 crepet
542 1340 597 1382 ut
626 1338 794 1382 librica
824 1338 978 1382 locum
1008 1337 1184 1383 faciat?
1808 1351 1853 1383 20

213 1397 318 1442 Hab
348 1410 432 1454 per
461 1398 551 1441 hoc
580 1396 838 1441 faciliorem
868 1397 918 1440 in
940 1399 1124 1441 tantum
1154 1397 1349 1453 praebet
1378 1396 1577 1453 lapsum.
1610 1395 1649 1439 si
1673 1410 1784 1453 ergo

90 1454 168 1499 hic
211 1455 414 1500 multum
446 1457 546 1500 arte
578 1456 838 1513 crepaverit
866 1456 984 1511 loca,
1015 1457 1128 1499 tunc
1162 1456 1386 1500 calastica
1414 1456 1603 1511 tangat,
1640 1455 1694 1499 ut
1723 1455 1786 1500 ad

91 1514 182 1558 hoc
225 1514 380 1571 ipsum
418 1516 586 1572 parata
625 1528 723 1560 esse
760 1514 1012 1565 debebunt.
1075 1516 1185 1559 sunt
1222 1517 1379 1559 autem
1417 1513 1688 1569 calasticae,
1734 1514 1785 1558 111

90 1572 260 1628 quibus
297 1576 483 1619 coctum
514 1574 585 1629 est
613 1574 699 1618 lini
730 1587 888 1619 semen
918 1575 1028 1618 fenu
1059 1587 1202 1631 grecu
1233 1575 1282 1618 et
1310 1573 1457 1618 herba
1487 1572 1615 1617 altea
1645 1586 1783 1628 quem

89 1631 268 1677 latinae
307 1633 509 1677 eviscum
548 1633 767 1688 dicimus,
815 1634 864 1677 et
901 1633 974 1677 his
1006 1646 1129 1689 aqua
1161 1631 1316 1677 calida
1345 1632 1536 1677 foveant
1564 1631 1691 1687 loca,
1736 1634 1784 1676 et
1807 1644 1850 1677 25

91 1690 132 1734 si
161 1705 347 1736 necesse
375 1691 532 1748 fuerit,
566 1691 707 1737 etiam
730 1691 914 1736 infundi
937 1692 1188 1746 debebunt,
1223 1691 1283 1736 ad
1305 1690 1563 1736 faciliorem
1585 1691 1782 1747 lapsum,

91 1751 140 1794 et
174 1752 230 1795 ut
264 1765 405 1808 supra
443 1751 668 1808 scriptum
708 1752 780 1796 est
809 1751 1024 1795 manibus
1057 1751 1221 1795 calidis
1254 1752 1301 1795 et
1330 1749 1550 1795 mollibus
1581 1749 1700 1794 lanis
1733 1752 1785 1794 et

89 1808 263 1866 pressis
302 1810 353 1854 in
391 1811 494 1855 oleo
533 1809 659 1855 dulci
705 1811 754 1854 et
786 1809 938 1855 calido
970 1809 1138 1855 leniori
1170 1810 1407 1867 oportebit
1437 1807 1611 1863 dolore,
1644 1808 1684 1853 si
1714 1808 1781 1852 in-

88 1869 276 1913 terdum
307 1868 450 1914 etiam
482 1868 851 1914 insucationibus
883 1869 1135 1914 eorundem
1165 1869 1388 1914 locorum.
1436 1867 1526 1912 erit
1557 1881 1586 1912 a
1607 1867 1781 1912 110111οῖ1

0 1937 1 1946 ’
90 1927 391 1985 abstinenda,
448 1928 559 1985 quia
604 1931 711 1986 post
755 1928 976 1973 balneum
1022 1928 1295 1985 refrigescet
1349 1927 1431 1972 sed
1484 1926 1582 1971 vire
1629 1926 1779 1970 minu·
1803 1937 1849 1971 30

90 1988 245 2031 untur.

207 2050 353 2151 &aaa
380 2080 500 2162 duae
533 2119 589 2150 ex
619 2105 844 2150 lateribus
876 2105 1166 2160 contineant,
1213 2104 1354 2150 tertia
1384 2117 1495 2150 vero
1527 2104 1676 2159 retro,
1720 2116 1779 2147 ne

87 2164 211 2210 forte
239 2166 366 2210 victa
397 2165 635 2210 doloribus
667 2166 866 2210 corruat.

208 2229 278 2269 66.
313 2224 461 2279 Quem
492 2222 744 2269 admodum
775 2222 958 2268 medica
988 2223 1048 2267 ad
1079 2236 1135 2268 ea
1166 2235 1285 2278 quae
1307 2221 1510 2280 parturit
1540 2221 1680 2267 debet
1703 2233 1777 2266 00-
1802 2230 1847 2264 35

86 2283 477 2399 eederSei‘equidem
508 2342 635 2399 facit,
672 2356 726 2387 ac
756 2343 948 2400 propter
975 2340 1298 2385 infirmitatem
1328 2341 1382 2384 ut
1412 2338 1511 2383 dixi
1540 2338 1698 2383 sedere
1728 2339 1780 2382 in

86 2401 204 2446 sella
234 2401 503 2447 obsetricali
525 2402 685 2458 possit,
709 2401 941 2446 medicam
969 2401 1094 2444 lecto
1127 2399 1225 2444 eius
1255 2398 1337 2443 ubi
1358 2398 1443 2443 illa
1465 2397 1590 2443 iacet
1617 2397 1778 2442 sedere

85 2459 292 2514 debebit,
322 2462 377 2505 ut
405 2463 564 2518 posset
594 2461 729 2505 ambe
759 2474 924 2505 manus
954 2458 1084 2503 facili
1114 2457 1293 2513 offerre,
1324 2472 1431 2502 cum
1460 2469 1649 2502 necesse
1674 2455 1776 2501 erit.

87 2519 214 2575 quod
246 2520 337 2564 sibi
361 2519 478 2565 sella
499 2533 582 2577 per
616 2519 810 2564 muliere
835 2518 1030 2575 sedebit,
1062 2519 1171 2562 ante
1193 2517 1298 2575 ipsa
1320 2515 1511 2561 debebit
1541 2516 1777 2582 accedere,
1799 2525 1844 2556 4ο

88 2579 244 2634 posito
276 2579 479 2624 scabello
510 2578 750 2623 humiliori
777 2579 927 2623 multo
954 2590 1187 2633 quamque
1211 2577 1328 2621 haec
1352 2588 1470 2631 quae
1493 2576 1777 2632 parturient,

84 2636 156 2682 ita
193 2639 247 2681 ut
285 2637 341 2682 de
382 2638 620 2693 superiore
660 2637 846 2682 facilius
885 2637 1125 2682 extrahere
1156 2634 1307 2691 possit
1335 2634 1563 2679 infantem
1594 2634 1642 2677 et
1670 2632 1777 2677 reli·

205 2759 262 2798 32
293 2755 368 2800 hic
397 2755 567 2801 excidit
596 2756 760 2800 iterum
789 2754 1100 2812 interroyatio.
1238 2757 1294 2797 38
1326 2750 1557 2795 Medicam
1589 2753 1668 2794 etc.
1700 2749 1777 2792 hic

87 2813 212 2868 (ante
234 2815 387 2870 posito
418 2815 539 2871 quod
568 2827 738 2871 semper
771 2813 971 2859 Soranus
1004 2812 1102 2869 dii)
1133 2811 1302 2868 incipit
1330 2823 1447 2867 resp.
1481 2811 1532 2854 in
1563 2808 1659 2854 cod.
