2014 3162
883 141 946 149 --
1026 112 1157 165 286)
1212 143 1281 149 —

232 246 455 311 βελτίονα
500 242 720 310 σώματος
767 243 996 296 σύστασιν
1042 242 1235 311 τάχιον,
1283 242 1362 310 ἐφ’
1408 238 1479 296 ῶν
1518 244 1571 296 δὲ
1611 242 1675 296 δι’
1720 241 1923 297 ἆσθενε-

232 325 404 391 στέραν
442 322 695 393 σύγκρισιν
733 323 944 393 βράδιον
982 327 1318 393 περιγίγνεται.

343 408 424 457 δεῖ
455 405 508 457 δὲ
548 405 672 473 μηδὲ
710 404 910 473 ἀθρόως
950 405 1073 472 μηδὲ
1113 402 1204 472 ὑφ’
1233 409 1295 458 ὲν
1325 404 1485 458 πάντα
1515 404 1651 458 λύειν
1681 405 1739 458 τὰ
1771 404 1921 475 σπάρ-

229 508 370 555 γανα.
446 492 580 539 πᾶσα
616 485 709 555 γὰρ
749 490 1000 552 αἰφνίδιος
1040 489 1108 549 εἰς
1146 485 1199 540 τὸ
1240 488 1465 540 ἐναντίον
1504 485 1742 555 μεταβολὴ
1783 491 1921 550 ξενο-

186 588 205 620 5
229 571 442 630 παθείας
481 566 831 636 ἆποτελεστική.
908 572 1103 634 πρῶτον
1153 567 1242 634 μὲν
1289 558 1383 620 οὖν
1429 570 1546 635 μίαν
1590 569 1919 635 ἐλευθερῶσαι
1991 600 1993 602 v

227 656 362 718 χεῖρα
385 649 467 701 καὶ
499 647 615 716 μετά
644 670 779 712 τινας
809 646 993 716 ἡμέρας
1023 645 1114 715 τὴν
1144 649 1325 718 ἑτέραν,
1358 646 1457 702 εἶτα
1486 650 1569 702 καὶ
1598 647 1713 711 τοὺς
1743 647 1922 716 πόδας,
1971 639 1982 672 3

226 728 512 799 προεκλύειν
558 730 612 782 δὲ
656 728 747 797 τὴν
795 728 975 792 δεξιάν.
1067 730 1448 798 ἕπικρατηθεῖσα
1493 729 1586 799 γὰρ
1631 729 1752 784 κατὰ
1801 729 1918 794 τοὺς

225 809 317 879 τὴν
355 809 615 878 εὐώνυμον
651 816 847 880 πρῶτον
886 816 1030 863 λῦσαι
1064 808 1358 876 φθάσαντας
1393 810 1666 880 ἆτονωτέρα
1703 815 1922 882 γίγνεται

225 898 290 962 τῷ
330 890 540 961 βράδιον
576 897 662 959 τῆς
701 893 862 959 ἑτέρας
901 893 981 944 ἐπὶ
1017 890 1107 959 τὴν
1145 896 1424 962 γυμνασίαν
1463 894 1645 960 ἐλθεῖν,
1685 892 1803 946 ῶστε
1833 893 1919 946 καὶ
1968 932 1983 960 3

161 992 203 1024 10
228 971 310 1026 διὰ
347 979 488 1026 τοῦτο
528 970 914 1042 ἆριστερόχειρας
953 974 1118 1035 ἐνίους
1155 976 1425 1042 γίγνεσθαι.
1498 1015 1503 1026 .

337 1055 656 1123 πηγνυμένου
711 1055 764 1106 δὲ
817 1060 903 1108 τοῦ
955 1055 1174 1126 βρέφους
1227 1061 1410 1122 μᾶλλον
1466 1058 1550 1108 καὶ
1593 1055 1646 1109 τὸ
1694 1058 1748 1109 ἐν
1795 1060 1915 1128 οἴκῳ

226 1139 306 1188 δεῖ
345 1133 552 1204 λουτρὸν
596 1143 964 1205 παραιτεῖσθαι,
1018 1142 1234 1204 χρῆσθαι
1281 1136 1335 1188 δὲ
1380 1140 1623 1208 βαλανείῳ
1673 1136 1790 1205 μήτε
1830 1137 1914 1190 ἐπὶ
1975 1132 1990 1205 ἒξ,

225 1215 383 1270 πολὺν
429 1214 608 1284 χρόνον
648 1214 764 1283 μήτε
801 1218 1154 1288 πεπυρωμένῳ.
1223 1215 1308 1270 τὸν
1347 1215 1440 1286 γὰρ
1478 1215 1580 1270 κατ’
1625 1215 1763 1271 οἶκον
1795 1215 1915 1287 ἀέρα

224 1303 484 1365 προσηνῶς
521 1298 605 1348 καὶ
645 1294 836 1365 ὁμαλῶς
876 1296 1114 1365 εὔκρατον
1153 1296 1308 1361 οὕτως
1348 1297 1440 1352 οὐκ
1478 1299 1719 1367 ἐνδέχεται
1756 1319 1915 1367 παρα·
1980 1299 1990 1349 3<

159 1395 201 1428 15
226 1377 489 1440 σκευάζειν.
1986 1374 1988 1376 ’

335 1458 423 1512 ἐὰν
474 1460 527 1511 δὲ
572 1457 737 1527 ἆκμὴν
784 1458 1226 1529 σπαργανούμενον
1274 1459 1327 1513 τὸ
1368 1461 1552 1528 βρέφος
1591 1462 1786 1532 ἕλκωθῇ
1826 1460 1910 1514 διὰ
1971 1482 1987 1535 4

222 1539 312 1609 τὴν
349 1546 447 1593 τῶν
483 1539 776 1607 τελαμώνων
813 1540 1117 1609 παράτριψιν
1154 1538 1186 1609 ἢ
1227 1540 1293 1593 δι’
1323 1541 1476 1610 ἄλλην
1514 1540 1623 1594 τινὰ
1653 1540 1916 1610 ποιητικὴν
1973 1538 1987 1558 ³

223 1621 469 1685 ἕλκῶσεως
508 1625 686 1689 αἰτίαν,
723 1630 1070 1691 παραιτεῖσθαι
1110 1626 1191 1675 δεῖ
1221 1621 1279 1675 τὰ
1312 1622 1568 1693 σπάργανα
1607 1625 1688 1676 καὶ
1720 1621 1913 1677 ἁπλοῦν
1967 1659 1987 1669 -

223 1702 352 1777 αὐτῷ
390 1704 698 1772 περιτιθέντα
737 1703 1030 1772 χιτωνάριον
1069 1701 1467 1772 ἀποθεραπεύειν
1505 1703 1562 1757 τὰ
1602 1706 1729 1772 ἕλκη.

155 1890 199 1922 20
289 1870 375 1917 XL
427 1872 561 1929 Πῶς
601 1870 696 1919 δεῖ
730 1869 1002 1928 καθίζειν
1039 1867 1137 1918 καὶ
1175 1865 1576 1936 περιπάτησιν
1614 1865 1835 1922 ἀσκεῖν.

336 1989 455 2037 112.
504 1988 745 2046 Καθίζειν
784 1985 838 2036 δὲ
875 1985 958 2037 καὶ
996 1982 1291 2036 ἀνίστασθαι
1336 1989 1422 2037 τοῦ
1469 1985 1688 2052 βρέφους
1732 1984 1902 2053 πειρά-

220 2069 385 2128 ζοντος
430 2069 643 2134 βοηθεῖν
688 2063 840 2118 αὐτοῦ
885 2072 986 2128 τοῖς
1031 2064 1263 2133 κινήμασι
1303 2069 1389 2118 δεῖ.
1464 2065 1632 2134 τάχιον
1682 2067 1771 2133 μὲν
1809 2065 1903 2136 γὰρ
1979 2111 1982 2116 ,

218 2145 636 2215 προθυμούμενον
682 2149 906 2208 καθίζειν
960 2147 1044 2198 καὶ
1099 2147 1233 2215 μέχρι
1286 2149 1533 2213 πλείονος,
1587 2150 1734 2199 εἴωθε
1786 2169 1904 2217 κυρ-

217 2233 447 2292 τοῦσθαι,
498 2229 838 2296 καμπτομένης
883 2232 969 2294 τῆς
1014 2225 1199 2297 ῥάχεως
1247 2226 1330 2279 διὰ
1374 2226 1427 2279 τὸ
1476 2223 1621 2295 μήπω
1669 2226 1726 2280 τὰ
1765 2226 1906 2280 ὀστέα
1964 2236 1968 2240 ’

151 2331 194 2364 25
218 2307 363 2362 τόνον
409 2311 547 2378 ἔχειν.
624 2309 1002 2378 προπετέστερον
1052 2309 1106 2361 δὲ
1145 2307 1468 2376 ἀνισταμένου
1507 2310 1589 2361 καὶ
1626 2317 1906 2378 περιπατεῖν
1962 2307 1986 2354 ὲ

217 2391 449 2453 θέλοντος
489 2391 823 2460 διαστρέφεται
861 2388 987 2443 κατὰ
1025 2389 1140 2453 τοὺς
1179 2388 1367 2458 μηροὺς
1407 2387 1463 2441 τὰ
1503 2390 1660 2457 σκέλη.

339 2554 360 2592 1
395 2550 638 2606 βελτίωνος
669 2563 693 2594 c
724 2551 859 2603 (corr.
891 2549 965 2606 D)
1095 2553 1122 2593 2
1152 2549 1495 2605 παραγίγνεται
1525 2548 1576 2593 Ε.
1722 2554 1748 2592 5
1781 2545 1898 2593 (ἰπο-
1966 2579 1967 2582 =

216 2608 477 2664 τελεστικῆς
509 2622 533 2652 c
565 2610 697 2665 (corr.
729 2607 802 2665 D).
943 2600 1028 2653 οὖν
1061 2622 1149 2653 om.
1183 2622 1207 2651 c
1242 2608 1363 2663 (add.
1396 2608 1466 2664 Ε).
1590 2612 1613 2651 7
1648 2606 1900 2665 προσεκλύ-
1963 2660 1965 2666 ¹

217 2683 288 2711 ειν
321 2680 345 2710 c
378 2668 510 2737 (corr.
536 2666 606 2723 E).
731 2673 757 2712 8
789 2663 1067 2724 φθάσαντες
1097 2679 1122 2710 ο
1154 2667 1286 2722 (corr.
1320 2667 1394 2722 D).
1532 2670 1557 2709 9
1590 2667 1674 2710 τοῦ
1707 2681 1731 2711 ο
1762 2669 1896 2722 (corr.

214 2727 285 2783 E).
406 2722 460 2770 τὸ
492 2722 750 2784 γυμνάσιον
782 2740 820 2771 o.
967 2731 1021 2770 13
1052 2723 1416 2797 πεπυρωμένον
1425 2739 1450 2769 c
1483 2726 1613 2796 (corr.
1647 2725 1720 2782 D).
1842 2730 1902 2770 20
1947 2751 1978 2786 ,ᾗ

214 2783 531 2856 περιπατῶσιν
565 2800 588 2830 o
620 2786 755 2840 (corr.
787 2785 862 2842 D).
993 2789 1050 2829 24
1081 2781 1139 2828 τὰ
1172 2781 1332 2828 ὀστέαε
1365 2800 1423 2828 τα
1458 2781 1647 2842 σώματα
1680 2799 1717 2829 o.
1839 2788 1899 2828 25
1921 2786 1985 2832 ρ’

214 2839 576 2902 ανιστάμενον..
597 2841 844 2902 .θέλοντα,
877 2843 1165 2901 στρέφεσθαι
1198 2857 1221 2887 c
1254 2845 1386 2898 (corr.
1420 2843 1490 2899 E).
