2014 3162
882 133 1282 185 —196—

235 265 316 319 διὰ
356 265 515 334 νόμον
555 267 637 318 καὶ
677 264 764 333 τὴν
804 269 871 328 εἰς
910 263 1060 327 θεοὺς
1090 267 1362 331 θρησκείαν
1401 261 1787 332 άποτεταγμένας
1817 269 1922 326 ταῖς

239 351 391 415 μίξεσι
446 349 527 400 καὶ
579 345 665 410 τὰς
718 346 908 419 ἐννόμῳ
965 350 1213 417 παρθενίᾳ
1260 347 1692 413 διαφυλαχθείσας.
1769 343 1822 398 τὸ
1869 345 1924 398 δὲ

241 428 487 498 στράγγως
524 431 855 496 καθαίρεσθαι
893 429 976 480 καὶ
1012 430 1080 490 εἰς
1110 425 1357 494 πιμελώδη
1401 427 1483 479 καὶ
1526 425 1733 494 ἄμετρον
1775 425 1924 495 ὄγκον

241 517 588 578 παρεκχεΐσθαι
636 508 718 562 διὰ
764 508 854 576 τὴν
910 507 1086 577 ἀργίαν
1137 508 1219 559 καὶ
1265 505 1356 574 τὴν
1408 505 1671 574 ἆκινησίαν
1715 510 1923 576 γίγνεται

196 611 217 644 5
241 597 328 645 τοῦ
375 590 606 658 σώματος.
683 591 785 642 ἐπεὶ
830 588 923 658 γάρ
969 593 1024 642 αἱ
1057 590 1234 643 πολλαὶ
1267 594 1365 641 τῶν
1403 586 1558 650 οὕτως
1594 595 1926 656 παρθενοτρο-
1960 635 1969 637 ⁴

243 674 510 739 φουμένων
689 669 830 738 ρήσοι
868 671 950 722 καὶ
982 675 1180 739 φυλακῇ
1213 670 1446 736 μένουσαι
1471 674 1568 721 τῶν
1593 666 1926 736 ὀφειλομένων

241 756 526 823 γυμνασίων
572 750 631 805 οὐ
679 750 1134 821 μεταλαμβάνουσιν
1181 749 1298 804 οὐδὲ
1337 753 1532 819 αἰωρῶν
1571 749 1688 804 οὐδὲ
1726 757 1810 818 τῆς
1849 752 1926 803 ἐν-

238 839 414 886 τεῦθεν
463 831 843 901 εὖαρεστήσεως,
891 831 972 885 διὰ
1019 839 1159 886 τοῦτο
1213 839 1315 895 τοῖς
1370 832 1642 900 εἰρημένοις
1703 829 1928 900 ὄχληροῖς

240 913 529 968 ἁλίσκονται.
616 913 784 984 διόπερ
830 913 1019 984 ὑγιεινὴ
1073 914 1161 982 μὲν
1199 911 1230 981 ἡ
1273 913 1503 981 διηνεκής
1543 914 1642 966 ἔστι
1678 916 1927 981 παρθενία

175 1015 216 1047 10
239 994 467 1062 καθάπερ
506 997 585 1048 ἐπὶ
630 1001 728 1048 τῶν
767 993 989 1065 άρρένων
1026 997 1109 1048 καὶ
1147 996 1228 1048 ε’πὶ
1264 1001 1362 1048 τῶν
1399 999 1631 1062 θηλειῶν,
1670 1000 1736 1066 τῷ
1773 999 1925 1067 κοινῷ

242 1077 295 1129 δὲ
340 1082 424 1143 τῆς
471 1075 666 1143 φύσεως
704 1075 858 1146 λόγῳ,
905 1076 1023 1130 καθ’
1074 1074 1134 1130 ὃν
1179 1075 1412 1144 ὑπομένει
1464 1075 1664 1145 ἑκάτερα
1711 1074 1768 1129 τὰ
1807 1076 1924 1145 γένη

239 1156 328 1225 τὴν
377 1164 473 1210 τῶν
512 1157 650 1230 ζῴων
690 1158 951 1227 διαδοχήν,
998 1157 1030 1227 ἡ
1071 1162 1198 1226 μῖξις
1243 1157 1524 1221 ἀκόλουθος
1569 1155 1634 1210 ἂν
1680 1161 1769 1226 εἴη.
1845 1160 1928 1211 καὶ

240 1240 350 1306 περὶ
387 1238 562 1293 τούτου
603 1240 712 1307 ἑξῆς
752 1243 1005 1308 διαλαβεῖν
1044 1238 1329 1309 ἀναγκαῖον.

315 1404 441 1452 VIII
502 1400 699 1470 Μέχρι
736 1406 897 1465 τίνος
935 1400 994 1454 τὸ
1034 1408 1190 1469 θῆλυ
1230 1399 1852 1469 παρθενοτροφητέον.

176 1544 219 1578 15
357 1526 442 1572 33.
506 1517 641 1571 Ἐπεὶ
695 1518 748 1572 τὸ
804 1520 892 1587 μὲν
946 1519 1094 1587 ἄρρεν
1149 1518 1304 1587 μόνον
1357 1517 1613 1587 προετικὸν
1661 1518 1929 1587 σπέρματος

243 1598 468 1668 ὑπάρχον
515 1599 697 1653 οὐδένα
746 1604 985 1654 κίνδυνον
1029 1603 1125 1669 ἔχει
1170 1603 1223 1653 ἐκ
1271 1606 1357 1667 τῆς
1395 1599 1589 1669 πρώτης
1628 1603 1824 1667 μίξεως,
1876 1597 1928 1652 τὸ

245 1681 299 1733 δὲ
347 1686 480 1748 θῆλυ
526 1682 608 1733 καὶ
661 1680 879 1735 δεκτικόν
918 1683 1016 1734 ἐστι
1056 1681 1343 1749 σπερμάτων
1380 1683 1464 1733 καὶ
1502 1679 1826 1749 συλληπτικὸν
1865 1684 1932 1744 εἰς

244 1759 514 1815 ὑπόστασιν
551 1768 638 1814 τοῦ
677 1760 806 1834 ζῴου
846 1763 928 1814 καὶ
966 1761 1082 1830 παρ’
1126 1761 1244 1815 αὐτὸ
1276 1768 1416 1815 τοῦτο
1455 1765 1772 1815 κινδυνεῦσαι
1811 1760 1933 1832 εὑρί-

245 1861 406 1895 σκεται
451 1847 635 1895 θᾶττον
680 1839 712 1909 ἢ
760 1849 1005 1910 προσῆκεν
1059 1844 1137 1895 ἐπὶ
1190 1841 1275 1906 τὰς
1330 1842 1638 1911 διακορήσεις
1690 1841 1934 1911 ἀγόμενον

180 1947 224 1980 20
247 1921 278 1991 ἢ
330 1922 562 1992 βράδιον,
619 1921 830 1992 εὐλόγως
876 1924 986 1991 περὶ
1035 1929 1122 1976 τοῦ
1159 1925 1483 1992 προκειμένου
1523 1925 1789 1992 σκέμματος
1828 1926 1932 1978 ε’πι-

245 2008 493 2072 ζητοῦμεν.
1346 2001 1353 2004 ’

357 2087 480 2138 ἔνιοι
520 2085 608 2152 μὲν
648 2079 739 2138 οὖν
779 2085 914 2153 μέχρι
951 2084 1186 2139 τοσούτου
1227 2089 1462 2140 διατελεῖν
1500 2087 1555 2139 ἐν
1592 2090 1841 2158 παρθενίᾳ
1879 2085 1932 2141 τὸ

366 2279 391 2317 2
434 2269 616 2330 ἐννόμω
650 2270 702 2318 ἐν
733 2276 976 2330 παρθενία
1009 2290 1046 2320 c.
1229 2281 1254 2320 5
1285 2276 1370 2320 τοῦ
1464 2241 1552 2334 μῗς
1573 2275 1656 2333 (sic
1689 2291 1794 2321 cum
1825 2276 1932 2321 albo

251 2337 273 2375 1
309 2335 412 2388 cm.)
446 2347 482 2376 c.
637 2329 691 2377 αἱ
718 2334 844 2389 (ante
877 2333 1060 2391 πολλαὶ)
1097 2349 1185 2380 om.
1219 2349 1244 2379 c
1279 2334 1401 2390 (add.
1434 2335 1496 2378 ΕΞ
1526 2350 1571 2392 p.
1604 2337 1693 2392 21).
1830 2337 1936 2392 post

246 2394 394 2447 παρθ.
428 2391 585 2435 album
620 2397 642 2435 1
677 2406 785 2447 cm.‚
832 2391 999 2438 deinde
1039 2390 1170 2450 ρήσοι
1212 2390 1282 2451 (ἐν
1315 2390 1599 2451 ἀπορρήτοις
1630 2393 1686 2450 Ε)
1725 2393 1808 2439 καὶ
1846 2411 1934 2450 φυ-

249 2446 366 2505 λακὴ
402 2447 679 2506 μένουσαι..
701 2486 710 2496 .
734 2464 771 2496 c.
896 2457 920 2496 7
954 2451 1137 2508 αἰωρῶν
1169 2453 1229 2497 E:
1261 2448 1416 2506 ἀέρων
1447 2466 1485 2498 c.
1608 2458 1633 2497 9
1666 2449 1936 2498 ἁλίσκονται

248 2508 312 2551 D:
347 2505 641 2563 εὑρίσκονται
674 2523 711 2553 c.
837 2515 888 2554 11
923 2507 1152 2568 ὑπομένει
1174 2511 1232 2555 Ε;
1266 2511 1348 2555 τοῦ
1382 2512 1542 2568 μένειν
1575 2526 1612 2557 c.
1653 2512 1708 2556 cf.
1735 2526 1809 2569 ap.
1835 2513 1934 2557 cod.

247 2563 316 2610 Ab
351 2566 531 2611 Oribas.
564 2567 645 2611 lab.
670 2567 823 2622 V1,47
854 2570 932 2613 sed
961 2571 1172 2614 naturali
1202 2571 1496 2615 commocione
1526 2572 1666 2616 datur
1695 2572 1817 2616 ratio
1849 2585 1935 2628 quo

248 2627 455 2683 yermina
493 2631 789 2681 permaneant
820 2629 1092 2673 animalium
1121 2629 1443 2674 successionem
1473 2634 1671 2675 cessante
1700 2630 1935 2675 interlectos

250 2689 314 2729 est
343 2698 483 2729 venus
514 2699 606 2741 qua
628 2686 718 2730 sibi
740 2687 887 2731 iniecta
909 2700 1102 2742 corpora
1125 2693 1403 2742 crearentur,
1433 2690 1545 2733 utile
1567 2690 1808 2734 vexacione
1832 2703 1934 2734 con·

251 2744 424 2790 iuncta.
471 2743 583 2800 (ad
622 2746 944 2790 successionem
975 2771 1030 2778 —
1065 2746 1129 2791 sic
1167 2747 1296 2803 legas
1330 2773 1385 2779 —
1425 2748 1698 2793 animalium
1735 2761 1932 2793 necessa·
1949 2759 1962 2763 χ

251 2802 389 2847 riam’
424 2816 641 2847 venerem
671 2803 870 2860 legimus
903 2804 1048 2848 etiam
1078 2805 1127 2848 in
1158 2805 1303 2850 Caelii
1326 2805 1548 2864 Respons.
1575 2805 1747 2852 Anecd.
1774 2807 1831 2862 ΙΙ,
1849 2811 1930 2852 191

253 2860 311 2907 cf.
344 2863 464 2918 201).
589 2867 641 2906 19
674 2863 854 2908 θᾶττον
885 2863 944 2908 E:
980 2862 1169 2909 ἔλαττον
1201 2878 1238 2909 c.
