2014 3162
869 123 1268 176 -106—

42 305 239 365 <Mafa
596 284 747 339 XXV
807 286 884 339 De
923 282 1264 339 inmoderata
1303 281 1525 339 landica

547 394 696 440 quam
737 378 913 426 Graeci
952 394 1042 440 yos
1080 377 1270 439 nymfin
1309 378 1578 439 appellant.

331 477 467 550 (76.)
522 480 865 545 Turpitudinis
915 486 1186 545 symptoma
1233 486 1308 528 est
1354 479 1552 544 grandis
1599 495 1686 544 yos
1726 481 1905 546 nymfe.

221 555 416 620 quidam
471 569 587 604 vero
635 554 925 603 adseverant
970 553 1168 618 pulpam
1214 554 1370 618 ipsam
1422 555 1546 617 erigi
1585 553 1811 603 similiter
1849 560 1906 603 ut

175 642 196 675 5
220 631 338 679 viris
378 635 426 679 et
466 629 606 693 quasi
644 642 790 676 usum
830 629 989 676 coitus
1030 641 1283 692 quaerere.

331 702 527 752 curabis
582 707 746 750 autem
802 716 907 750 eam
963 702 1048 750 sic.
1134 702 1362 764 supinam
1410 703 1648 750 iactantes
1694 700 1905 765 pedibus

220 776 371 826 clusis
412 791 547 840 myzo
589 774 719 839 quod
752 775 872 823 foris
907 782 983 824 est
1022 782 1071 824 et
1114 774 1323 838 amplius
1352 789 1460 823 esse
1486 775 1695 839 videtur,
1734 780 1905 823 tenere

220 855 415 914 oportet
446 855 496 898 et
529 848 757 912 scalpello
790 848 1091 913 praecidere,
1124 848 1300 896 deinde
1331 850 1615 913 conpetenti
1653 847 1905 912 diligentia

220 923 398 972 vulnus
437 924 599 987 ipsum
641 937 831 971 curare.

40 1110 131 1153 (ina.
151 1095 217 1159 ρῖῖ)
769 1080 949 1135 XXVI
1009 1081 1086 1134 De
1127 1080 1352 1135 cercesi.

154 1202 194 1232 11

331 1184 463 1255 (78.)
516 1187 802 1252 Apollonius
842 1194 891 1236 et
932 1187 1183 1237 Sostratus
1225 1194 1274 1236 et
1313 1186 1576 1236 Filoxenus
1616 1187 1905 1237 adseverant

218 1265 269 1312 in
302 1263 489 1311 orificio
523 1263 740 1310 matricis
774 1276 973 1310 carnem
1006 1261 1250 1326 quandam
1282 1275 1535 1325 emergere
1565 1266 1614 1309 et
1638 1262 1688 1309 in
1713 1267 1906 1311 tantum

219 1350 508 1385 excrescere
556 1343 611 1384 ut
657 1333 852 1399 expleto
904 1335 1090 1383 orificio
1132 1340 1181 1383 et
1221 1334 1345 1383 collo
1387 1336 1604 1383 matricis
1643 1334 1905 1399 aliquando

219 1417 268 1459 et
307 1410 426 1458 foris
464 1408 558 1457 hoc
595 1414 839 1472 penetret.

330 1489 378 1532 et
409 1482 530 1531 haec
571 1497 768 1546 quoque
807 1497 889 1530 res
929 1481 1093 1545 digitis
1133 1480 1208 1530 vel
1246 1496 1383 1546 myzo
1423 1481 1730 1546 adprehensa
1755 1482 1906 1531 serra-

219 1564 383 1606 mento
425 1571 450 1604 a
490 1555 740 1604 radicibus
779 1555 991 1604 tollatur.
1055 1554 1232 1604 vulnus
1273 1570 1470 1620 quoque
1509 1557 1617 1620 pari
1655 1555 1907 1620 diligentia

218 1629 493 1680 curandum
533 1635 621 1678 est.

219 1785 279 1830 -ri
309 1788 351 1842 h,
385 1799 544 1830 curare
568 1786 596 1829 l.
719 1790 744 1828 2
779 1799 919 1840 quam
951 1785 1080 1842 greci
1110 1784 1183 1828 las
1206 1786 1383 1840 nymfin
1414 1786 1658 1842 appellant
1689 1787 1729 1842 b,
1763 1800 1904 1843 quam

217 1844 290 1890 1as
322 1845 514 1901 nymfim
552 1858 658 1901 app.
701 1845 737 1899 l,
794 1843 943 1897 Qua-m
987 1843 1114 1900 greci
1155 1858 1267 1900 nym
1311 1844 1613 1900 exappellant
1653 1846 1695 1889 h.
1878 1850 1904 1890 3

216 1904 539 2007 fflissssffssa
569 1903 762 2006 2253?
765 1904 965 2021 {³313th
989 1948 1018 2005 a
1050 1902 1694 2019 <ggrmi¹331³1⁵i³fe¹³i2a¹ly¹5tflba22
1709 1904 1908 2020 >grandi

217 2022 410 2077 quidam
440 1978 675 2066 verogads.
711 2021 782 2065 bl:
816 2021 937 2064 Nam
969 2021 1066 2065 ads.
1101 2021 1292 2077 quidam
1322 2023 1352 2066 h
1386 2022 1460 2078 (cf.
1480 2021 1613 2067 Paul.
1634 2027 1678 2077 6,
1696 2026 1768 2067 70.
1803 2022 1903 2067 Aet.

216 2082 424 2136 16,103).
519 2086 545 2124 6
577 2079 643 2123 sie
667 2092 749 2124 om.
777 2080 802 2124 b
830 2080 901 2136 (In
932 2093 1042 2124 eura
1073 2082 1231 2125 autem
1264 2080 1328 2124 sic
1360 2080 1502 2124 facies
1534 2083 1595 2138 h).
1689 2081 1906 2138 supinam

218 2141 314 2195 (cet.
332 2141 433 2196 om.)
467 2140 507 2193 b,
538 2139 767 2183 iactantes
800 2152 904 2182 eam
936 2140 1101 2196 supina
1131 2140 1180 2183 in
1210 2140 1334 2184 lecto
1366 2141 1394 2194 l,
1428 2139 1643 2195 supinam
1673 2139 1902 2185 iactantes

216 2198 459 2242 mulierem
489 2199 530 2242 h.
655 2202 679 2241 7
713 2198 852 2242 clusis
877 2199 918 2252 b,
951 2196 1119 2242 clausis
1145 2199 1211 2243 lh.
1331 2198 1450 2242 mizo
1483 2199 1522 2254 b,
1555 2199 1594 2242 ἃ
1623 2200 1769 2244 miezo
1794 2200 1823 2254 l,
1857 2201 1906 2243 et

217 2257 382 2301 miecio
405 2259 448 2302 h.
546 2255 671 2301 foras
702 2258 744 2302 h.
844 2259 893 2301 et
923 2257 1123 2313 amplius
1156 2258 1229 2302 bl:
1261 2258 1368 2314 plus
1400 2258 1440 2303 h.
1533 2257 1771 2302 videbitur
1801 2259 1842 2302 h.

216 2317 375 2360 tenere
406 2317 454 2360 h:
488 2316 550 2359 -ri
581 2317 646 2360 bl.
783 2320 809 2359 8
843 2316 1101 2372 excalpello
1135 2317 1198 2361 bl.
1298 2316 1464 2360 deinde
1497 2317 1568 2361 bl:
1601 2316 1708 2360 inde
1740 2317 1782 2361 h.
1875 2322 1902 2361 9

215 2374 371 2431 ipsum
403 2387 485 2419 om.
511 2376 553 2419 h.
656 2379 711 2418 10
743 2374 811 2419 De
835 2375 1010 2419 cercosi
1040 2375 1089 2419 h:
1122 2375 1190 2419 De
1223 2375 1397 2419 cerciso
1431 2375 1494 2421 bl.
1591 2381 1643 2419 11
1678 2377 1904 2420 sustratus

217 2434 257 2478 b.
352 2438 403 2477 12
436 2434 486 2477 in
518 2434 586 2478 bl:
620 2434 676 2477 de
700 2434 742 2478 h.
836 2433 1070 2491 emergere
1102 2435 1151 2478 h:
1184 2433 1362 2490 erigere
1395 2434 1459 2478 bl.
1552 2434 1601 2478 in
1632 2435 1819 2478 tantum
1849 2436 1904 2479 h:

216 2491 266 2536 in
296 2493 451 2536 totum
482 2493 545 2536 bl.
672 2497 725 2536 13
759 2506 1021 2537 excrescere
1053 2494 1126 2538 lh:
1159 2506 1395 2537 excercere
1428 2494 1469 2538 b.
1588 2495 1643 2537 ut
1673 2494 1746 2538 lh:
1780 2493 1829 2536 et
1861 2494 1902 2539 b.

278 2555 335 2594 14
364 2550 489 2595 foras
520 2552 560 2595 h.
683 2552 771 2595 hoc
803 2551 940 2595 eadat
970 2552 1012 2595 h.
1137 2555 1192 2595 15
1224 2553 1273 2595 et
1302 2564 1387 2595 om.
1420 2553 1446 2596 b
1481 2553 1592 2608 (non
1623 2553 1708 2608 lh).
1831 2566 1904 2597 res

218 2609 292 2654 lh:
324 2611 419 2653 tres
452 2611 490 2655 b.
613 2609 776 2666 digitis
807 2610 936 2666 adpr.
969 2609 1113 2654 miezo
1146 2612 1175 2654 l.
1296 2610 1416 2655 mizo
1449 2611 1490 2663 b,
1521 2610 1670 2655 miezo
1702 2612 1730 2668 l,
1764 2611 1903 2656 micio
1942 2642 1947 2647 ·

216 2669 257 2712 h.
379 2668 661 2712 ferramento
693 2669 742 2713 h:
773 2681 858 2712 om.
892 2669 957 2713 bl.
1081 2674 1135 2713 16
1168 2683 1197 2713 a
1227 2668 1397 2713 radicis
1430 2670 1500 2726 bl,
1533 2670 1757 2715 radicitus
1789 2672 1830 2715 h.

216 2727 322 2771 tolli
351 2729 511 2784 potest
540 2728 582 2774 h.
1162 2725 1169 2732 ’
