2014 3162
874 143 1237 196 -34—

210 279 455 343 mittatur,
510 275 694 326 molere
743 284 792 327 et
837 279 1045 327 farinam
1093 278 1281 345 facere,
1335 277 1519 328 lectum
1574 284 1798 328 sternere
1846 284 1901 328 et

209 365 383 415 aquam
423 357 635 415 portare.

91 429 182 483 (33)
320 422 404 474 93.
457 423 585 482 Quid
635 432 710 474 est
755 425 1033 475 faciendum
1082 428 1123 475 si
1170 427 1380 476 nutricis
1431 425 1504 475 lac
1545 425 1695 474 fuerit
1733 431 1895 474 exter·

207 495 483 547 minatum?

164 583 184 616 5
321 572 523 622 alterius
556 587 793 622 mammae
826 573 951 623 lacte
983 574 1204 638 accipiat,
1236 571 1312 622 vel
1345 574 1386 621 si
1418 588 1517 622 non
1547 571 1704 622 fuerit
1728 571 1897 637 altera,

208 645 283 694 vel
323 648 430 695 eius
464 661 588 709 qnae
628 646 774 696 lactat
813 649 1114 711 competenti
1153 646 1403 711 diligentia
1444 645 1715 709 colligatur.

320 717 405 768 94.
462 719 717 777 Quomodo
765 721 979 786 agendae
1028 727 1144 770 sunt
1189 720 1299 770 illae
1355 735 1564 784 quarum
1610 718 1681 767 lac
1737 725 1896 768 exter-

209 791 461 843 minatur?

320 869 362 916 si
401 867 614 916 valitudo
654 867 814 932 aliqua
853 870 904 917 in
944 868 1169 932 partibus
1201 869 1361 933 posita
1400 866 1477 916 vel
1516 867 1651 916 0111111
1683 880 1894 931 corpore

143 954 184 984 10
208 943 430 990 incurrat
477 947 527 990 et
580 941 756 991 exinde
803 942 877 991 lac
924 944 1220 992 inminuitur
1267 948 1317 991 et
1371 942 1750 991 exterminatum
1806 947 1898 1006 est,

208 1014 330 1064 haec
379 1013 591 1064 valitudo
639 1016 855 1064 curanda
903 1023 989 1066 est.
1069 1018 1110 1066 si
1156 1016 1283 1065 lassa
1334 1023 1434 1081 est,
1484 1008 1780 1063 resumenda
1821 1019 1897 1064 est

210 1090 458 1138 exercitiis
499 1095 548 1137 et
581 1089 936 1153 gestationibus
969 1090 1190 1139 universi
1222 1090 1459 1155 corporiS‚
1494 1087 1712 1138 secundo
1750 1089 1895 1137 etiam

209 1162 457 1228 manib11S‚
505 1162 718 1227 lavacro,
771 1178 886 1212 nam
939 1170 989 1213 et
1036 1163 1159 1213 cibis
1205 1162 1416 1213 multum
1465 1161 1801 1211 nutrientibus
1847 1167 1899 1210 et

120 1254 137 1273 ·
207 1251 298 1301 per
337 1252 461 1300 quae
502 1238 651 1285 animi
690 1236 910 1286 hilaritas
949 1243 1260 1301 provocatur.

141 1321 184 1353 15
321 1307 404 1359 95.
462 1310 596 1367 Quae
643 1309 920 1360 adhibenda
967 1318 1083 1360 sunt
1129 1310 1402 1360 secundum
1448 1311 1678 1374 antiquos
1729 1314 1785 1357 ut
1823 1307 1898 1358 lac

209 1382 425 1432 abundet
463 1381 708 1432 nutricis?
1880 1448 1883 1451 ι

320 1456 555 1506 iubebant
616 1456 954 1507 nutrientibus
1016 1465 1072 1507 ut
1130 1457 1283 1507 ubera
1339 1459 1558 1507 omnium
1615 1456 1899 1506 animalium

208 1531 580 1596 manducarent,
620 1530 1026 1595 vespertilionum
1067 1534 1213 1581 etiam
1253 1530 1627 1580 combustorum
1667 1530 1742 1579 vel
1782 1545 1898 1579 noc-

210 1612 322 1654 tuae
365 1607 583 1653 cinerem
623 1619 737 1653 cum
775 1607 887 1653 vino
921 1604 1092 1654 bibere
1124 1605 1304 1654 dabant
1334 1605 1409 1654 vel
1442 1620 1556 1654 cum
1588 1619 1714 1669 aqua
1738 1603 1900 1654 soluto

144 1692 187 1723 20
213 1678 450 1727 mamillas
490 1679 621 1742 ipsas
660 1677 947 1727 inlinebant.
1033 1694 1157 1743 quae
1197 1694 1287 1727 nos
1342 1680 1505 1727 omnia
1561 1677 1900 1742 reprobamus,

213 1751 457 1816 siquidem
495 1753 852 1816 inportunitate
891 1751 983 1801 hac
1024 1754 1378 1802 exterminatus
1418 1751 1702 1802 stomachus
1735 1750 1900 1800 cibum

332 1987 354 2025 1
388 1981 562 2026 molere
595 1983 645 2026 b:
685 1982 818 2037 quasi
850 1981 1050 2027 muliere·
1079 1984 1150 2027 est
1181 1984 1208 2027 Z.
1352 1982 1506 2026 facere
1538 1982 1685 2027 vellet
1715 1982 1731 2026 l
1765 1980 1900 2039 (velit

211 2042 254 2095 h,
285 2042 365 2097 qui
395 2054 477 2085 om.
510 2040 686 2085 lectum
711 2066 766 2073 —
791 2043 1011 2098 portare).
1150 2047 1175 2085 2
1211 2042 1433 2098 (portare)
1466 2041 1639 2086 hutilia
1673 2042 1782 2084 sunt
1811 2041 1899 2100 hec

213 2099 434 2144 exercitia
464 2099 720 2144 infantibus
754 2102 799 2157 (1)
832 2102 847 2144 Z
880 2101 939 2156 (et
967 2101 1067 2145 sim.
1098 2102 1147 2145 h:
1195 2100 1332 2144 utilia
1364 2101 1473 2144 sunt
1503 2101 1541 2144 xz
1573 2098 1801 2145 exercicia
1831 2098 1899 2143 in-

211 2158 450 2214 fantibus).
506 2160 712 2204 lectiones
751 2160 919 2204 codicis
969 2160 984 2203 Z
1038 2161 1345 2204 emendatione
1394 2160 1651 2204 arbitraria
1694 2159 1901 2214 corrupti

213 2219 377 2262 abhinc
422 2230 517 2262 non
563 2231 848 2263 commemoro
878 2219 973 2262 ‘nisi
1002 2232 1117 2275 quae
1148 2220 1209 2264 ad
1240 2223 1411 2263 textum
1443 2219 1611 2264 codicis
1634 2219 1727 2263 sive
1745 2218 1896 2262 Bruoe.

212 2278 303 2322 sive
341 2277 492 2330 Hafn.
535 2278 603 2321 vel
644 2278 972 2322 illustrandum
1014 2279 1082 2322 vel
1125 2278 1487 2332 confirmandum
1527 2278 1718 2333 faciant.
1873 2280 1900 2320 5

212 2337 355 2380 lacte:
388 2337 453 2380 sie
490 2336 530 2380 b.
663 2341 688 2380 6
729 2337 809 2393 qui
839 2336 960 2380 16161
992 2338 1091 2394 (sic)
1124 2338 1162 2381 b.
1287 2342 1312 2380 9
1346 2337 1474 2381 0111111
1506 2349 1720 2393 corpore:
1762 2348 1899 2380 onere

214 2408 378 2452 corpus
412 2395 437 2438 b
471 2393 634 2449 (livore
667 2409 832 2452 corpus
868 2397 913 2451 l).
1010 2401 1064 2440 10
1095 2395 1315 2440 1111111111111
1346 2396 1384 2440 b.
1481 2401 1534 2439 11
1567 2396 1657 2440 hac
1689 2396 1728 2439 b.
1814 2397 1899 2440 est.

215 2456 263 2498 et
294 2452 525 2498 exercitiis
558 2456 672 2511 gest.
707 2455 746 2498 b.
871 2458 925 2497 13
958 2455 1171 2499 manibus
1203 2456 1268 2499 bl.
1404 2454 1434 2497 1.
1468 2469 1578 2499 nam
1610 2455 1658 2498 et
1690 2455 1737 2498 b:
1770 2454 1899 2498 lava-

214 2527 368 2558 crona.
403 2514 441 2556 81
473 2513 499 2556 Z.
621 2513 779 2557 multis
811 2514 878 2558 bl.
1019 2518 1073 2556 14
1103 2528 1148 2559 n.
1180 2528 1263 2570 per
1294 2526 1410 2569 quos
1444 2517 1490 2556 et
1523 2513 1666 2557 animi
1697 2513 1747 2570 (h
1772 2511 1899 2567 Dila-

213 2572 350 2617 ritate
383 2573 661 2628 provocatur
693 2573 900 2628 (-cantur
932 2573 964 2628 l)
1007 2573 1069 2616 bl.
1218 2576 1271 2615 15
1303 2571 1568 2616 adhibendo
1597 2577 1618 2616 ἓ
1659 2570 1841 2627 antiqui
1872 2571 1898 2615 b

214 2632 290 2687 (cf.
325 2631 574 2675 secundum
606 2629 935 2676 auctoritatem
969 2631 1118 2690 eciam
1150 2630 1447 2686 antiquorum
1478 2635 1556 2674 etc.
1587 2631 1656 2687 h):
1705 2628 1900 2674 adhibe-

214 2692 328 2735 bant
360 2689 542 2746 antiqui
573 2691 631 2746 (et
654 2694 815 2746 postea
846 2689 1155 2744 habundaret)
1188 2691 1215 2734 l.
1373 2693 1427 2733 18
1466 2688 1852 2745 vespertilionum
1884 2689 1900 2732 l

214 2751 300 2806 (h):
334 2749 599 2805 vespertinfi
633 2750 733 2806 (sic)
766 2749 805 2793 b.
928 2749 1115 2794 noctule
1149 2749 1250 2794 blh.
1376 2752 1429 2791 19
1464 2747 1641 2792 cineres
1675 2748 1700 2791 b
1735 2746 1835 2803 (-ris
1869 2748 1897 2801 l,
1973 2759 1976 2763 ’

214 2809 271 2852 —ri
305 2809 361 2863 b).
487 2808 643 2852 solutu
677 2809 775 2851 blh.
900 2812 957 2851 20
988 2808 1222 2852 mamillas
1254 2806 1380 2864 ipsas
1415 2807 1461 2851 b:
1494 2804 1717 2851 mamillis
1739 2805 1853 2863 ipsis
1884 2807 1900 2850 l

215 2868 452 2925 (mamillis
485 2869 546 2924 h).
669 2872 722 2911 21
758 2867 1097 2923 inportunitate
1129 2866 1249 2912 hanc
1283 2865 1616 2910 exterminatur
1648 2866 1710 2910 bl.
