2014 3162
893 167 1253 220 -20-

107 308 201 366 (17)
337 298 423 352 57.
461 302 670 368 Oportet
708 317 798 351 nos
837 302 989 352 rebus
1029 302 1298 352 aborsoriis
1338 299 1448 353 uti?

339 376 470 440 apud
511 376 750 442 quosdam
789 391 888 425 non
928 383 1138 441 oportet.
1200 376 1441 426 medicina
1483 378 1614 426 enim
1653 378 1915 442 quoscum‘·

230 466 326 515 que
373 457 549 499 natura
596 452 843 517 coeperit,
899 465 1071 499 sanare
1119 449 1282 516 debet,
1320 466 1420 500 non
1458 452 1760 500 interimere.
1837 450 1919 500 alii

229 539 347 574 vero
386 523 556 572 volunt
594 525 670 573 uti
708 523 990 590 aborsoriiS‚
1039 523 1124 573 sed
1163 539 1256 573 nec
1305 526 1347 573 si
1395 526 1597 589 cupiant
1637 539 1762 588 quae
1801 532 1919 574 sunt

183 610 206 643 5
231 597 482 648 adulterae
537 612 699 662 neque
745 604 950 663 propter
996 597 1155 661 lucra,
1216 597 1303 646 sed
1351 599 1393 646 si
1452 596 1789 662 condylomata
1844 597 1920 647 vel

230 671 392 736 aliqua
438 671 789 736 impedimenta
835 674 887 720 in
931 672 1120 720 orificio
1167 672 1386 720 matricis
1437 670 1615 720 mulier
1653 669 1831 720 habeat
1869 677 1921 720 et

231 747 302 794 sic
344 747 586 811 concepit,
627 744 804 794 melius
843 751 921 794 est
968 744 1234 794 aborsoriis
1267 746 1596 794 exterminare
1630 744 1762 808 quod
1804 759 1918 794 con-

231 826 430 883 ceptum
479 824 575 885 est,
631 833 778 883 quam
827 834 940 868 cum
988 818 1092 867 dies
1140 824 1311 883 partus
1352 820 1556 883 venerit,
1605 833 1718 866 cum
1759 819 1919 867 exitus

230 892 405 942 infanti
437 891 723 959 denegatur,
754 892 1031 957 periculum
1057 891 1254 942 mulieri
1280 907 1402 956 quae
1433 893 1647 957 parturit
1683 893 1920 957 inpingat.

111 970 208 1028 (20)
346 963 431 1017 58.
474 966 609 1024 Quae
650 973 767 1015 sunt
806 968 943 1031 signa
982 967 1194 1031 proximi
1231 962 1440 1030 partus?
1511 1013 1518 1023 ,

166 1053 208 1084 11
339 1039 558 1105 Septimo
601 1039 675 1088 vel
714 1055 844 1089 nono
886 1040 960 1089 vel
1001 1039 1191 1089 decimo
1232 1054 1401 1089 mense
1441 1046 1672 1089 occurret
1708 1038 1919 1103 gravedo

231 1115 363 1163 uteri
403 1121 453 1163 et
497 1129 675 1162 renum
723 1129 837 1163 cum
887 1129 1038 1163 sensu
1093 1114 1301 1163 fervoris
1349 1120 1399 1162 et
1444 1112 1614 1162 dolore
1661 1114 1922 1177 inguinum

233 1195 282 1237 et
335 1187 638 1247 lumborum,
695 1189 791 1237 erit
837 1189 996 1252 ipsius
1051 1189 1199 1236 etiam
1252 1189 1470 1236 matricis
1518 1186 1578 1235 ad
1632 1187 1920 1235 inferiorem

232 1267 424 1326 partem
471 1261 743 1310 descensus
791 1277 904 1310 cum
944 1261 1120 1310 orificii
1158 1262 1412 1326 apertione
1452 1267 1502 1310 et
1539 1260 1922 1309 humectatione.

166 1346 208 1379 15
235 1350 346 1384 cum
387 1350 503 1384 vero
535 1336 631 1383 iam
663 1336 922 1400 proximat,
963 1336 1246 1399 superiores
1282 1341 1448 1399 partes
1480 1334 1765 1399 graciliores
1795 1333 1923 1383 fiunt

234 1417 283 1458 et
338 1408 674 1458 extenduntur
722 1409 829 1458 loca
876 1423 1025 1473 supra
1075 1410 1324 1473 pectinem
1373 1415 1421 1458 et
1467 1410 1683 1473 inguina,
1738 1414 1786 1456 et
1825 1409 1920 1456 tre·

236 1485 469 1547 quentius
521 1485 694 1531 urinae
742 1482 1044 1532 desiderium
1095 1483 1327 1532 nascitur.
1412 1483 1718 1545 inmissoque
1770 1481 1921 1546 digito

236 1556 295 1605 ad
327 1556 717 1621 magnitudinem
748 1558 826 1605 ovi
857 1558 908 1605 in
940 1556 1128 1604 orificio
1160 1557 1410 1606 invenitur
1437 1551 1691 1622 (tumor),
1722 1554 1922 1604 humor-

358 1703 376 1742 1
416 1699 602 1754 oportet
633 1700 716 1753 (sic
746 1699 791 1753 h,
821 1699 880 1753 cf.
913 1712 1058 1755 supra
1089 1713 1160 1755 qu.
1194 1701 1293 1756 45):
1350 1697 1451 1743 offis
1477 1699 1524 1752 b,
1582 1711 1753 1742 omnes.
1775 1698 1804 1742 Ζ.

237 1757 485 1802 aborsoriis
519 1759 591 1802 lh:
626 1772 709 1802 om.
743 1758 783 1802 b.
898 1762 1006 1814 post
1036 1758 1106 1802 uti
1137 1772 1250 1815 seqq.
1282 1771 1365 1802 om.
1397 1758 1426 1800 h
1459 1756 1628 1813 (Cant.)
1661 1758 1741 1814 qui
1769 1757 1925 1802 statim

238 1817 361 1861 Nam
392 1815 476 1861 alii
507 1817 674 1861 volunt
702 1817 841 1861 rebus
875 1816 1124 1862 aborsoriis
1154 1818 1227 1861 uti
1258 1819 1313 1872 (v.
1345 1818 1392 1874 4)
1419 1853 1429 1862 .
1450 1853 1490 1862 ..
1650 1822 1676 1861 2
1719 1817 1926 1873 oportet:

237 1889 372 1920 omne
405 1877 421 1919 Ζ
453 1876 589 1932 (deest
621 1877 679 1933 b).
811 1876 955 1919 enim:
987 1890 1095 1920 nam
1127 1878 1142 1920 Ζ
1175 1878 1309 1933 <deest
1340 1877 1436 1933 bh).
1560 1880 1586 1919 3
1617 1875 1668 1919 in
1697 1877 1866 1920 natura
1896 1876 1924 1920 Ζ.
2013 1926 2014 1932 ¹

356 1934 497 1979 debet
527 1936 563 1978 Z:
597 1935 770 1980 debent
800 1935 839 1979 b.
963 1934 1045 1979 alii
1077 1937 1152 1988 (sc.
1186 1935 1395 1992 medici):
1428 1933 1564 1979 Aliae
1596 1935 1637 1990 b,
1668 1934 1773 1979 Alie
1805 1935 1834 1979 Ζ.
1911 1965 1914 1968 -

238 1999 267 2038 4
297 1994 463 2038 volunt
491 1993 583 2038 uti:
633 1994 867 2038 voluntati
897 1995 925 2038 Ζ.
1049 1994 1309 2040 aborsorios
1342 1996 1370 2039 Ζ.
1490 2008 1577 2038 nec
1608 1993 1647 2038 si
1680 1994 1759 2051 (ὣς
1791 1994 1879 2038 hec
1912 1993 1927 2038 Ζ

239 2053 345 2112 (hec
376 2053 438 2109 h),
469 2054 546 2098 sed
577 2055 664 2114 hee
697 2055 747 2098 ΖΟ.
871 2053 1066 2120 cupiunt
1095 2055 1145 2100 h:
1177 2053 1416 2120 rumpiunt
1446 2054 1475 2097 Ζ.
1505 2112 1515 2121 .
1619 2057 1645 2097 5
1690 2053 1787 2111 ...]
1821 2067 1925 2109 neq:

237 2112 490 2223 &3351ss
511 2113 572 2227 13²5.
696 2111 1928 2226 6Sss‘ssfissssiff⁰ffffd⁰¹⁰ssff5053§affidfflsszltssissfiss

239 2229 548 2275 determinare
579 2232 630 2286 h,
671 2232 789 2275 deest
820 2231 877 2287 b).
1014 2235 1041 2274 8
1076 2245 1180 2275 cum
1213 2268 1223 2278 .
1260 2268 1269 2277 .
1305 2269 1314 2277 .
1348 2232 1608 2288 denegatur
1638 2244 1721 2276 om.
1753 2231 1784 2274 h
1816 2230 1927 2286 (non

241 2287 407 2346 Cant).
529 2294 555 2334 9
587 2288 799 2346 periculi]
833 2289 999 2333 mulier
1029 2305 1071 2347 q.
1096 2306 1139 2347 p.
1165 2290 1195 2334 i.
1229 2292 1246 2335 Ζ
1278 2290 1553 2348 (periculum
1583 2289 1748 2334 mortis
1770 2289 1926 2334 infans

239 2361 328 2402 que
361 2347 591 2393 sustineat
621 2350 682 2406 h).
809 2353 859 2392 11
903 2349 1002 2406 ...]
1039 2349 1246 2407 Septimo
1279 2351 1319 2406 b,
1354 2350 1403 2393 Si
1434 2348 1633 2406 septimo
1665 2349 1731 2393 lh.
1853 2361 1926 2392 oc-

239 2409 395 2451 curret
425 2408 483 2451 10:
519 2407 600 2451 -rit
631 2408 732 2453 blh.
878 2408 1071 2465 gravido
1104 2411 1147 2453 b.
1300 2413 1354 2453 12
1388 2421 1635 2454 consensus
1666 2408 1718 2452 lh
1749 2411 1792 2451 et
1821 2411 1928 2451 ante

239 2478 353 2510 corr.
386 2466 435 2511 b:
468 2481 574 2510 cum
606 2480 767 2510 sensus
799 2468 847 2522 (i.
881 2480 914 2511 e.
950 2481 1055 2511 cum
1088 2470 1242 2525 sensu)
1275 2469 1336 2515 b0.
1458 2465 1654 2513 fervoris
1686 2466 1734 2511 et
1765 2466 1926 2510 dolore

240 2539 338 2596 (sic)
371 2540 419 2584 b:
450 2539 630 2585 fervore
659 2543 664 2597 Ι
693 2540 828 2585 dolor
859 2541 875 2584 Ζ
906 2540 1078 2595 (servor
1111 2542 1158 2585 et
1190 2541 1323 2586 dolor
1352 2543 1414 2599 h).
1535 2531 1708 2597 ineffrnfi
1738 2540 1777 2584 ἃ,
1807 2538 1926 2583 luni-

237 2599 343 2647 bon
368 2599 397 2643 Ζ.
522 2604 575 2644 13
609 2600 717 2644 erit:
749 2599 873 2643 fierit
903 2600 944 2654 b,
977 2600 1067 2644 erit
1090 2601 1138 2644 et
1167 2601 1195 2645 Ζ.
1317 2601 1377 2644 ad
1411 2602 1436 2645 b
1470 2601 1537 2658 (et
1566 2600 1626 2644 a'd
1655 2601 1724 2657 h):
1755 2599 1806 2643 in
1837 2599 1864 2643 Ζ.

241 2661 298 2700 14
329 2657 573 2702 descensus
606 2659 654 2703 b:
687 2658 970 2703 descendens
1003 2660 1069 2704 lh.
1161 2673 1267 2703 eum
1298 2661 1474 2704 addidi.
1571 2663 1625 2703 15
1657 2658 1736 2715 (ad
1759 2658 1865 2703 add.
1878 2658 1927 2714 h)

241 2715 527 2772 superiorem
558 2720 742 2774 partem
773 2719 790 2762 Ζ
821 2718 899 2775 (h).
1078 2722 1131 2762 16
1166 2719 1213 2763 et
1245 2720 1368 2773 (ante
1399 2719 1509 2775 ext.)
1541 2731 1625 2763 om.
1653 2718 1682 2762 Ζ.
1856 2715 1926 2760 in-
1968 2765 1970 2769 ἱ

240 2774 384 2832 guina,
415 2777 488 2819 lh:
542 2776 592 2820 in
622 2791 738 2834 gyro
771 2778 810 2821 b.
963 2776 1221 2833 frequentis
1260 2777 1289 2820 Ζ.
1428 2783 1482 2823 17
1515 2775 1655 2833 digiti
1685 2776 1724 2821 b.
1871 2779 1926 2820 18

240 2833 416 2878 orificifi
450 2835 475 2878 b
509 2835 625 2891 (-um
656 2837 718 2893 h),
751 2835 855 2880 ·ciis
887 2836 915 2879 Ζ.
948 2849 952 2853 ·
1097 2837 1251 2879 tumor
1283 2837 1388 2881 add.
1423 2850 1478 2881 ex
1509 2836 1608 2882 Sor.
1633 2838 1806 2889 98,12.

239 2893 517 2949 humorque:
550 2895 715 2940 humor
746 2895 826 2952 qui
857 2895 897 2948 b,
929 2895 1094 2939 humor
1123 2908 1233 2939 vero
1266 2894 1344 2950 qui
1377 2896 1440 2939 lh.
