2014 3162
724 126 1119 180 —193—

72 257 339 328 ἐπιβλαβὴς
385 258 571 327 γένοιτο
622 255 686 310 ἂν
733 257 793 312 οὗ
843 258 998 326 μόνον
1043 266 1145 323 ταῖς
1185 263 1508 330 ροωδέστερον
1547 263 1597 317 τὸ
1637 265 1758 318 κατὰ

74 339 233 408 φύσιν
271 338 496 408 ἐχούσαις
546 337 666 392 ἄλλα
705 342 786 392 καὶ
824 348 928 404 ταῖς
967 339 1287 410 στεγνότερον.
1363 350 1505 413 κοινῇ
1547 346 1599 397 δὲ
1638 346 1760 413 πρὸς

74 427 249 474 τοῦτον
301 421 384 472 καὶ
437 418 561 488 πρὸς
606 418 930 489 οΗρόφιλον
983 422 1173 474 λεκτέον
1228 421 1301 475 ὅτι
1347 422 1546 491 βλάπτει
1592 427 1679 492 μὲν
1728 427 1757 494 ἡ

73 500 318 570 κάθαρσις
355 499 478 569 πρὸς
517 499 570 554 τὸ
611 499 852 570 ὑγιαίνειν
889 500 1079 569 ἅπασα,
1125 502 1223 570 η’δη
1265 503 1319 555 δὲ
1356 510 1453 556 τῶν
1492 505 1580 572 μὲν
1619 506 1761 559 εὐπα-

73 583 318 651 θεστέρων
355 579 655 634 καθάπτεται
706 588 906 650 μᾶλλον,
954 582 1277 636 διαλανθάνει
1324 584 1378 636 δὲ
1422 583 1473 638 τὸ
1521 587 1761 654 βλαβερὸν

71 662 224 731 αὐτῆς
278 661 358 730 ἐφ’
404 658 474 716 ὧν
532 665 769 731 δυσπαθῆ
822 662 880 715 τὰ
935 662 1130 731 σωματα
1181 665 1446 732 κέκτηνται.
1534 689 1618 730 τας
1671 672 1762 721 οὐν

69 748 300 808 πλείονας
354 749 453 797 τῶν
508 742 573 812 μὴ
625 746 1006 812 καθαιρομένων
1071 744 1392 814 εὐτονωτέρας
1456 754 1760 816 θεωροῦμετ,

71 826 236 894 ὥσπερ
285 824 371 888 τὰς
422 823 691 892 ἀνδρώδεις
742 847 790 878 τε
839 827 922 878 καὶ
974 829 1174 894 στείρας,
1242 828 1325 878 καὶ
1368 826 1452 890 τὰς
1491 828 1761 896 παρ’ήλικας

76 907 129 959 δὲ
174 905 227 959 τὸ
275 907 440 974 μηκέτι
488 909 822 974 καθαίρεσθαι
870 905 993 975 πρὸς
1031 906 1083 960 τὸ
1122 905 1362 976 ὑγιαίνειν
1401 907 1550 962 οὐδὲν
1588 909 1761 977 ἀδικεῖ,

71 985 232 1054 πάντη
286 987 340 1039 δὲ
389 984 678 1040 τούναντίον
727 986 813 1051 τὰς
860 986 1044 1051 πολλὰς
1089 989 1363 1056 θηλυτέρας
1401 994 1691 1058 καθίστησιν
1729 991 1759 1060 ἡ

70 1074 157 1122 τοῦ
205 1070 407 1135 αἵματος
453 1066 770 1136 ἆπάντλησις.
848 1071 947 1121 ἔδει
994 1069 1048 1122 δὲ
1093 1070 1176 1121 καὶ
1220 1068 1305 1133 τὰς
1344 1069 1489 1137 μήπω
1529 1079 1762 1141 καθαιρο·

72 1150 222 1218 μένας
271 1154 368 1202 τῶν
418 1149 686 1218 παρθένων
736 1143 881 1217 ἦττον
933 1147 1187 1219 ὑγιαίνειν.
1266 1154 1310 1203 εἰ
1359 1152 1412 1203 δὲ
1457 1159 1542 1220 τῆς
1578 1151 1762 1223 ὑγιείας

71 1230 322 1299 μετέχουσι
360 1227 654 1296 άνελλιπῶς,
712 1229 897 1299 μήποτε
954 1231 1043 1298 μὲν
1080 1230 1204 1300 πρὸς
1241 1230 1293 1285 τὸ
1332 1230 1572 1300 ὑγιαίνειν
1610 1233 1640 1302 ἡ
1680 1236 1763 1288 κά-

70 1319 251 1380 θαρσις
283 1310 342 1366 οὗ
375 1310 712 1380 συμβάλλεται,
743 1311 867 1381 πρὸς
898 1311 1053 1380 μόνον
1086 1314 1140 1365 δὲ
1170 1312 1222 1367 τὸ
1254 1318 1577 1369 παιδοποιεῖν.
1617 1319 1763 1386 χωρὶς

71 1391 164 1463 γὰρ
202 1399 286 1461 τῆς
325 1391 615 1460 καθάρσεως
653 1392 894 1461 σύλληψις
934 1392 993 1447 οὐ
1031 1397 1257 1464 γίγνεται.

201 1559 302 1606 VII
355 1557 433 1607 Εἰ
469 1551 707 1624 ὗγιεινή
746 1557 904 1608 ἐστιν
942 1553 974 1624 ἡ
1017 1555 1299 1624 διηνεκὴς
1337 1562 1650 1626 παρθενία.

186 1678 272 1728 30.
331 1670 436 1740 Τὴν
475 1675 678 1740 διηνεκῆ
717 1677 998 1741 παρθενίαν
1038 1676 1089 1727 οἵ
1125 1674 1212 1742 μὲν
1250 1672 1472 1744 ὑγιεινὴν
1512 1678 1676 1740 ἔλεξαν
1716 1681 1768 1731 οἵ

75 1755 129 1808 δὲ
170 1752 262 1823 οὐχ
298 1751 535 1823 ὑγιεινήν.
593 1757 644 1807 οἷ
679 1759 862 1822 πρῶτοι
902 1756 956 1807 δέ
988 1772 1142 1821 φασιν
1173 1754 1246 1808 ’ὅτι
1275 1755 1448 1823 κάμνει
1478 1756 1535 1809 τά
1566 1756 1762 1826 σώματα

73 1834 157 1888 διὰ
195 1834 281 1898 τὰς
320 1837 602 1902 ἐπιθυμίας.
665 1833 828 1902 ἆμέλει
866 1841 964 1888 τῶν
1004 1834 1226 1903 ἐρώντων
1267 1835 1426 1904 ὠχρὸν
1463 1839 1544 1890 καὶ
1584 1838 1762 1893 ἄτονον

71 1917 156 1968 καὶ
195 1914 364 1984 ἰσχνὸν
401 1914 453 1968 τὸ
494 1922 632 1983 σῶμα
663 1916 923 1984 βλέπομεν,
962 1914 994 1984 ἡ
1028 1921 1276 1986 παρθενία
1309 1919 1362 1970 δὲ
1395 1917 1476 1971 διὰ
1508 1918 1597 1987 τὴν
1627 1919 1760 1973 ἀπει-

73 2001 185 2066 ρίαν
229 2002 328 2050 τῶν
366 1995 674 2065 ἀφροδισίων
720 2004 911 2067 παρῆκε
949 1997 1034 2062 τὰς
1072 1998 1352 2065 ἐπιθυμίας.
1429 2000 1591 2051 ἔπειτα
1630 2007 1763 2053 πᾶσα

72 2080 343 2148 σπέρματος
390 2080 599 2145 ἔκκρισις
646 2078 916 2148 ἕπιβλαβὴς
965 2077 1030 2142 ὡς
1075 2079 1156 2132 ε’πὶ
1201 2084 1298 2131 τῶν
1343 2077 1563 2148 ἀρρένων
1609 2080 1763 2145 οὕτως

71 2152 156 2212 ’καὶ
201 2160 281 2212 ἐπὶ
325 2163 424 2212 τῶν
468 2164 701 2226 θηλειῶν.
771 2157 818 2227 ἡ
866 2164 1116 2228 παρθενία
1160 2163 1330 2213 τοίνυν
1378 2158 1565 2228 ὑγιεινὴ
1612 2160 1763 2214 κωλύ-

74 2257 200 2293 ουσα
244 2245 300 2310 τῇ
346 2244 444 2291 τῶν
492 2235 780 2307 σπερμάτων
828 2237 1079 2309 ἀποκρίσει
1127 2246 1357 2309 χρῆσθαι.
1411 2249 1671 2342 μαρτυρεῖ
1710 2243 1763 2295 δὲ

72 2326 139 2393 τῷ
186 2320 422 2391 εἰρημένῳ
471 2321 555 2372 καὶ
599 2342 657 2372 τα
704 2319 858 2389 άλογα
903 2324 1015 2393 ζῷα.
1091 2326 1189 2373 τῶν
1235 2321 1323 2388 μὲν
1368 2319 1462 2390 γὰρ
1508 2324 1673 2374 ι’ππων
1713 2327 1768 2376 αῖ

68 2399 140 2470 μὴ
189 2399 467 2470 ὀχευθεΐσαι
514 2400 862 2470 δρομικωτεραι
910 2400 1093 2469 μαλλόν
1142 2405 1258 2469 εἰσι,
1311 2408 1408 2454 τῶν
1449 2402 1501 2454 δὲ
1541 2410 1673 2456 συῶν
1712 2408 1768 2457 αἱ

47 2503 160 2546 τας
214 2481 395 2550 μήτρας
449 2483 765 2550 ἐκτμηθεῖσαι
814 2485 1007 2550 μείζους
1056 2484 1138 2535 καὶ
1188 2481 1548 2553 εὖτροφωτεραί
1587 2506 1635 2538 τε
1681 2487 1761 2538 καὶ

196 2632 222 2671 6
255 2625 474 2684 κέχρηται
506 2641 530 2672 c
565 2625 803 2698 (κέκτηται
832 2627 888 2683 D,
921 2641 1034 2672 corr.
1067 2628 1137 2698 Ε).
1260 2633 1286 2672 8
1317 2624 1401 2679 τὰς
1431 2630 1712 2697 παρηλικιάν
1737 2643 1761 2674 c

74 2685 209 2743 (corr.
235 2685 307 2742 D).
430 2691 486 2730 10
516 2685 752 2756 θηλυτοὺς
784 2701 808 2731 c
842 2684 1124 2757 (θηλυντονς
1155 2687 1208 2741 Ε,
1240 2687 1340 2758 qui
1354 2684 1671 2744 ἐκθηλυντους
1701 2688 1762 2732 Ε2

75 2746 246 2801 p.18)
402 2750 452 2789 13
502 2741 564 2814 μὴ
598 2744 651 2789 δὲ
684 2762 796 2790 ποτε
831 2760 868 2791 c.
1020 2743 1255 2803 κάθαρσις
1287 2742 1342 2790 οὗ
1377 2748 1508 2803 συμβ.
1545 2747 1630 2803 (sic
1663 2747 1760 2791 sine

73 2802 204 2859 albo)
238 2817 276 2847 c.
396 2809 452 2847 22
486 2797 636 2855 ου’τως
666 2806 769 2862 (sic)
803 2818 838 2850 c.
963 2809 1019 2849 25
1052 2805 1143 2849 τῶν
1177 2803 1435 2863 εἰρημένων
1469 2818 1493 2849 c
1525 2807 1656 2860 (corr.
1690 2805 1759 2860 E).

138 2866 193 2906 27
228 2858 577 2919 εὖτροφώτεραι
606 2860 658 2907 τὲ
691 2863 791 2922 (sic)
825 2877 862 2908 c.

169 2941 346 2986 Soranus,
371 2943 427 2976 ed.
451 2943 560 2978 Bone.
995 2941 1004 2950 '
1443 2939 1495 2978 13

1787 1014 1827 1045 10

1786 1416 1828 1448 15

1787 1940 1832 1972 20

1787 2344 1829 2377 25
