2014 3162
784 118 1142 170 -25—

126 261 232 304 tum
270 259 479 301 conetur
517 253 773 302 matricem
813 252 959 301 simul
991 252 1231 302 excludat.
1267 257 1328 303 si
1362 270 1478 304 vero
1505 257 1641 305 tarda
1675 272 1810 307 mora

122 326 295 390 fuerit,
347 325 585 376 infantem
632 325 751 375 aliae
799 325 996 375 mulieri
1043 326 1204 377 tradat
1259 334 1309 376 et
1363 329 1467 392 ipsa
1520 329 1809 380 umbilicum

120 398 385 465 praecidat.
440 401 482 448 si
512 414 629 448 vero
662 399 854 449 clusum
887 399 1038 449 fuerit
1069 401 1312 450 orificium
1342 407 1398 450 ut
1423 417 1585 467 neque
1610 419 1809 453 manum

120 472 343 522 admittat
382 487 544 537 neque
582 475 716 538 ipsae
758 475 891 523 exire
931 475 1148 539 possint,
1195 481 1364 524 utatur
1403 475 1632 525 omnibus
1672 480 1807 527 sucis

121 553 170 596 et
209 548 573 612 encymatismis
614 546 793 612 quibus
834 547 894 596 ad
934 548 1184 596 fervuram
1216 550 1435 598 matricis
1468 550 1541 598 uti
1573 550 1805 600 solemus,
1831 562 1851 594 5

118 619 210 669 hac
258 622 390 669 enim
436 620 687 685 diligentia
733 621 948 671 relaxata
995 623 1128 671 omni
1177 624 1410 688 strictura
1462 623 1700 687 quicquid
1740 624 1807 673 ibi

118 696 414 743 remanserit
453 696 524 743 010
563 694 718 744 cadet.

231 765 316 818 68.
368 767 501 825 Quae
541 776 659 818 sunt
697 784 821 832 quae
860 776 1065 834 propter
1104 771 1434 819 retentionem
1475 771 1808 821 secundarum

120 843 311 906 antiqui
351 839 683 892 adhibebant?

231 922 621 965 sternutamenta
669 922 719 965 et
758 916 915 966 scalae
963 919 1342 984 suspensioneS,
1391 919 1618 982 potiones
1660 921 1807 968 etiam
1833 934 1874 965 10

118 987 299 1038 dabant
338 1005 463 1054 quae
503 991 644 1054 quasi
684 1005 766 1039 eas
806 989 1069 1040 excludere
1109 993 1316 1057 possint,
1356 1007 1449 1040 nec
1488 1007 1588 1040 non
1622 999 1671 1042 et
1703 992 1807 1058 thy-

116 1065 344 1113 miamata
406 1063 771 1128 supponebant,
833 1066 1052 1130 pessaria
1116 1067 1263 1114 etiam
1325 1081 1450 1130 quae
1521 1068 1810 1130 sanguinem

118 1138 282 1186 eicere
322 1139 528 1202 possint.
583 1153 694 1186 nam
737 1144 786 1188 et
825 1139 1044 1203 pondera
1084 1138 1142 1187 ad
1181 1141 1347 1204 ipsum
1387 1139 1659 1189 folliculum
1683 1139 1808 1204 liga-

118 1209 249 1260 bant.
306 1226 430 1276 quae
471 1213 636 1260 omnia
667 1227 758 1261 nos
790 1212 1131 1279 reprobamus,
1170 1214 1212 1262 si
1246 1213 1445 1277 quidem
1479 1220 1528 1262 et
1560 1214 1809 1263 fervuram

117 1283 343 1348 partibus
399 1286 520 1349 ipsis
571 1287 734 1335 facere
781 1289 938 1351 possit
985 1294 1036 1336 et
1073 1294 1388 1351 praesentem
1429 1288 1535 1336 sine
1576 1287 1808 1337 dilatione
1834 1301 1875 1334 15

119 1361 372 1423 sanguinis
411 1359 615 1408 fluxum.

231 1430 315 1482 69.
357 1432 612 1490 Quomodo
654 1434 840 1497 agenda
879 1442 956 1482 est
994 1440 1107 1498 post
1144 1440 1341 1498 partum
1382 1431 1515 1483 feta?
1831 1434 1927 1520 (3225)

230 1507 433 1571 spongia
477 1506 599 1556 locis
645 1509 767 1572 ipsis
815 1509 1043 1574 extertis,
1096 1507 1319 1557 iactanda
1367 1515 1444 1557 est
1489 1510 1540 1557 in
1587 1508 1716 1557 lecto
1758 1515 1808 1558 et
1904 1503 1911 1511 '

118 1580 170 1628 in
209 1579 421 1629 obscuro
463 1579 714 1647 cubiculo,
760 1581 952 1630 modice
998 1580 1285 1646 patentibus
1327 1580 1538 1646 pedibus
1579 1588 1636 1631 ut
1675 1583 1809 1646 quic-

119 1652 236 1717 quid
270 1668 329 1702 ex
363 1668 418 1702 ea
451 1654 571 1702 foris
605 1655 740 1703 exire
767 1656 988 1719 coeperit
1011 1670 1110 1704 non
1134 1654 1430 1719 inpediatur.
1475 1671 1636 1720 panno
1663 1658 1808 1705 etiam
1834 1670 1876 1702 20

117 1725 223 1775 loca
261 1728 367 1791 ipsa
408 1734 672 1792 contegant
710 1730 777 1777 ita
816 1735 872 1778 ut
904 1729 1215 1793 frequentius
1246 1728 1364 1778 illuc
1396 1735 1632 1778 mutetur.
1686 1729 1810 1779 lanis

117 1801 265 1849 etiam
303 1801 501 1850 mundis
542 1817 691 1866 supra
722 1804 971 1867 pectinem
1006 1809 1054 1852 et
1078 1805 1240 1869 ipsum
1274 1810 1494 1852 ventrem
1529 1810 1809 1870 contegere,

119 1880 169 1923 et
209 1876 251 1923 si
291 1876 396 1924 sine
437 1877 750 1940 quassatione
783 1882 955 1941 partus
988 1877 1194 1926 effectus
1234 1884 1324 1942 est,
1364 1877 1472 1926 oleo
1519 1877 1663 1926 viridi
1696 1892 1810 1927 cum

242 2052 264 2090 1
300 2045 544 2090 matricem
577 2046 795 2091 excludat
826 2047 873 2091 b:
907 2048 945 2091 Sc
976 2047 1171 2092 matrice
1204 2047 1344 2092 simul
1368 2036 1572 2093 adducat
1603 2048 1673 2105 (in
1695 2062 1806 2105 mry.

117 2092 208 2150 hoc
242 2105 476 2162 excludat)
510 2106 525 2148 Ζ
574 2106 644 2162 (ut
676 2120 768 2150 non
800 2106 994 2151 matrice
1026 2107 1163 2151 simul
1194 2107 1398 2151 adducat
1427 2108 1489 2164 h).
1672 2108 1808 2152 tarda

118 2170 201 2208 ora
233 2165 274 2219 b,
305 2163 490 2208 tardam
521 2164 638 2208 hora
670 2166 738 2221 (a
769 2166 822 2221 ΖΘ)
856 2166 884 2210 Ζ.
1008 2171 1036 2210 4
1068 2165 1169 2223 ipse
1203 2166 1375 2223 (ipsum
1406 2167 1454 2223 h)
1488 2179 1526 2211 e.
1559 2166 1710 2223 possit
1741 2168 1805 2211 bl.

208 2227 234 2268 5
268 2222 586 2268 escismatncis
612 2225 652 2280 b,
686 2224 1045 2281 encymatismus
1078 2227 1094 2270 Ζ
1126 2225 1584 2318 (hencathismalah).
1708 2225 1810 2282 qui-

115 2311 224 2356 bus:
258 2327 301 2369 q3
334 2313 375 2367 b,
408 2326 497 2372 que
531 2313 547 2356 Ζ
579 2313 688 2368 (que
711 2314 775 2370 h).
897 2313 958 2357 ad
987 2314 1176 2358 fei-bura
1206 2315 1249 2370 b,
1280 2328 1310 2358 a
1339 2314 1520 2359 fervore
1555 2315 1658 2370 (ips.
1673 2315 1806 2371 corr.)

117 2371 135 2416 Ζ
166 2371 245 2427 (ad
276 2371 458 2416 feruore
473 2326 551 2428 (ἐὴ).
676 2376 702 2416 5
733 2373 905 2418 hanc..
924 2372 1193 2439 ‚diligentia
1225 2373 1335 2430 (—tia
1360 2375 1392 2429 Ζ)
1418 2375 1484 2418 bl.
1610 2379 1634 2417 7
1668 2373 1734 2418 010
1760 2375 1806 2418 b:

116 2443 227 2474 mox
258 2431 322 2475 lh.
446 2434 472 2474 8
513 2430 802 2476 redemtione
835 2432 880 2476 b:
920 2431 1250 2489 retentione(m
1279 2433 1327 2489 h)
1361 2434 1387 2476 Ζ.
1514 2437 1569 2476 10
1601 2433 1724 2476 scale
1758 2433 1806 2476 b.

119 2489 179 2532 ad
209 2490 336 2534 scala.
368 2490 433 2534 lh.
581 2494 633 2534 11
669 2490 802 2546 quasi
834 2505 935 2537 eas.
967 2492 1033 2535 sic
1063 2491 1167 2536 blh.
1307 2492 1430 2547 (item
1464 2493 1536 2548 13)
1568 2491 1749 2548 possint
1780 2492 1805 2534 b

119 2548 204 2605 (h).
239 2550 434 2616 possent
465 2550 493 2593 Ζ.
638 2548 727 2608 t<h
759 2549 1003 2609 l>imiama
1034 2551 1086 2594 bl
1118 2550 1434 2606 (thimiamata
1464 2551 1737 2607 11).14
1769 2550 1807 2593 si

118 2607 192 2651 lh.
226 2608 291 2652 010
323 2608 363 2652 b.
477 2612 531 2652 15
562 2609 712 2665 possit
744 2610 843 2666 (sic)
877 2610 929 2653 bl
961 2610 1136 2672 (potest
1166 2611 1226 2666 h).
1323 2615 1377 2654 16
1409 2611 1583 2653 fluxum
1617 2609 1807 2652 adducit

118 2665 135 2708 Ζ
166 2666 412 2722 (adducere
443 2667 505 2724 h).
629 2673 683 2712 17
717 2668 898 2725 agenda
931 2670 1051 2713 est..
1073 2666 1192 2728 10133.
1225 2670 1240 2713 Ζ
1265 2669 1349 2725 (h):
1382 2668 1560 2725 agende
1594 2682 1640 2712 0.
1690 2667 1807 2711 ‚feta

119 2724 159 2768 b.
335 2731 390 2770 18
421 2726 638 2771 Iubemus
671 2727 904 2783 (Iuvemus
936 2728 982 2784 h)
1017 2704 1159 2772 etiam
1191 2728 1389 2784 spongia
1421 2727 1564 2771 etiam
1596 2727 1806 2793 (alterum

119 2783 201 2828 hoc
233 2785 375 2828 etiam
406 2798 490 2829 om.
521 2786 568 2843 h)
599 2785 716 2830 locis
748 2791 826 2831 etc.
860 2786 926 2830 lh.
1078 2786 1267 2831 extertis
1300 2787 1399 2842 (sic)
1434 2787 1486 2830 bl
1518 2783 1713 2841 (extergi
1743 2785 1803 2839 h).

242 2847 299 2887 20
329 2843 547 2900 pannis..
567 2847 893 2902 ,contegamur
925 2845 1220 2902 (contegatur
1250 2846 1296 2901 h)
1333 2832 1359 2889 1.
