2014 3162
740 106 1135 159 —183—

94 238 356 309 λεγόμενον
392 237 558 300 πάθος
596 236 862 304 ἀποτελεῖν,
910 238 1098 305 ψεῦδός
1137 241 1246 293 ἐστι.
1322 248 1517 309 πρῶτον
1556 245 1644 310 μὲν
1681 244 1774 313 γὰρ

92 319 179 373 διὰ
199 324 299 387 ,τῆς
336 317 584 386 ἀνατομῆς
615 317 704 387 οὐχ
736 317 1019 388 εὑρίσκεται,
1059 319 1287 390 δεύτερον
1327 323 1382 375 δὲ
1416 325 1496 376 ἐπὶ
1525 331 1622 377 τῶν
1652 347 1771 394 παρ-

93 401 264 454 θένων
302 401 449 468 ἐχρῆν
487 398 790 454 ἀντικόπτειν
828 422 871 454 τι
907 408 964 472 τῇ
1003 401 1229 470 μηλῶσει,
1275 405 1388 455 νυνὶ
1427 405 1482 456 δὲ
1513 405 1646 473 μέχρι
1684 405 1774 473 βά-

92 489 222 544 θους
259 480 453 534 ἄπεισιν
498 479 529 549 ἡ
578 480 718 549 μήλη.
794 486 953 550 τρίτον
992 483 1046 535 δὲ
1084 486 1127 536 εἰ
1162 482 1282 535 κατὰ
1321 483 1406 547 τὰς
1444 482 1774 552 διακορεύσεις

457 559 471 580 C
534 559 548 581 ἶ

87 560 396 632 ῥηγνύμενος
449 585 475 615 ο
522 561 655 630 υμὴν
699 561 886 631 ὀδύνης
931 568 1144 634 γίγνεται
1188 570 1463 635 παραίτιος,
1526 567 1672 636 ἐχρῆν
1726 569 1774 630 ἐξ
1798 588 1818 620 5

90 641 313 711 ἀνάγκης
343 644 423 696 ἐπὶ
452 649 551 696 τῶν
579 644 849 712 παρθένων
881 646 1159 714 ἔμπροσθεν
1181 652 1267 715 τῆς
1291 647 1642 716 διακορεύσεως
1674 649 1773 700 ἐπι-

92 728 330 792 φανείσης
369 723 659 792 καθάρσεως
693 729 1027 793 περιωδυνίαν
1065 734 1516 796 παρακολουθῆσαι,
1561 727 1683 781 κατὰ
1722 729 1776 781 δὲ

90 804 182 872 τὴν
236 806 547 875 διακόρευσιν
593 807 771 874 μηκέτι.
862 809 944 859 καὶ
990 807 1146 871 ἄλλως
1192 811 1236 860 εἰ
1279 811 1703 876 σωματοποιηθεὶς
1749 807 1775 863 ὃ

88 884 225 954 ὑμὴν
262 885 315 940 τὸ
354 887 561 956 ἄτρητον
597 895 736 941 ποιεῖ
765 886 955 953 πάθος,
1010 889 1064 940 ἕδ
1069 909 1110 940 ει
1155 886 1276 940 κατὰ
1314 888 1399 941 τὸν
1437 888 1588 943 αὐτὸν
1624 889 1776 943 τόπον

90 965 403 1034 εὑρίσκεσθαι
443 971 680 1036 διηνεκῶς
718 966 884 1032 αὐτόν,
926 966 986 1022 ὃν
1022 967 1205 1036 τρόπον
1243 970 1325 1021 καὶ
1363 971 1440 1021 ἐπὶ
1480 976 1576 1022 τῶν
1614 969 1776 1022 ἄλλων

89 1055 254 1117 μερῶν
277 1049 482 1102 ἕκαστον
512 1051 591 1103 ἐπὶ
619 1055 706 1103 τοῦ
738 1052 870 1103 ἰδίου
902 1048 1108 1103 πάντοτε
1131 1048 1284 1103 τόπου
1307 1056 1609 1118 θεωροῦμεν.
1659 1052 1774 1103 νυνὶ

88 1130 146 1183 δὲ
192 1131 271 1184 ε’πὶ
317 1135 416 1183 τῶν
459 1128 680 1199 ἆτρήτων
726 1128 752 1184 ὃ
806 1129 1117 1198 διαφραττων
1170 1129 1302 1199 ὑμὴν
1339 1130 1426 1184 τὸν
1464 1130 1622 1199 πόρον
1658 1131 1774 1184 ποτὲ

86 1211 179 1284 μὲν
225 1210 348 1265 κατὰ
393 1234 451 1265 τα
496 1210 730 1312 πρόχειρα
768 1212 887 1280 μέρη
926 1218 1024 1264 τῶν
1062 1210 1453 1282 πτερυγωμοῖτων
1491 1209 1773 1280 ευρίσκεται,

85 1313 204 1346 ποτε
250 1293 304 1346 δὲ
350 1291 471 1346 κατὰ
522 1293 669 1360 μέσον
715 1290 768 1345 τὸ
818 1295 1034 1358 αἰδοῖον,
1081 1290 1244 1345 ἆλλότε
1285 1293 1338 1344 δὲ
1377 1315 1498 1345 κατα
1536 1294 1684 1362 μέσον
1721 1292 1773 1347 τὸ

84 1372 287 1443 στόμιον
322 1381 409 1442 τῆς
446 1373 661 1444 υστέρας.

238 1462 320 1508 18.
389 1462 608 1520 τοιοῦτος
654 1455 743 1524 μὲν
790 1449 882 1508 οὖν
928 1455 1009 1507 καὶ
1060 1451 1086 1507 ὁ
1126 1453 1403 1524 γυναικεῐός
1442 1457 1537 1508 ἐστι
1576 1454 1772 1518 κόλπος.

86 1535 147 1588 τά
194 1537 248 1589 δὲ
294 1538 481 1600 ἔξωθεν
527 1534 678 1590 αὐτοῦ
724 1538 807 1588 καὶ
857 1534 1135 1604 φαινόμενα
1173 1535 1523 1607 πτερυγώματα
1560 1543 1772 1589 καλεῖται

85 1616 250 1689 τρόπῳ
303 1619 399 1671 τινὶ
443 1621 574 1686 χείλη
620 1623 707 1671 τοῦ
752 1615 939 1682 κόλπου
986 1624 1282 1672 καθεστῶτα.
1374 1619 1530 1687 παχέα
1575 1617 1631 1671 δέ
1677 1619 1773 1670 ε’στι

86 1700 171 1752 καὶ
218 1698 445 1768 σαρκώδη
492 1699 575 1751 καὶ
618 1696 745 1766 πρὸς
789 1698 878 1766 μὲν
923 1696 980 1750 τὰ
1018 1697 1148 1752 κάτω
1188 1698 1311 1768 πρὸς
1350 1699 1577 1767 ἑκάτερον
1615 1697 1773 1766 μηρὸν

86 1778 424 1846 ἆποταθέντα,
477 1778 705 1847 καθάπερ
745 1777 967 1846 ἀλλήλων
1005 1778 1389 1849 ἀποσχισθέντα,
1443 1779 1564 1848 πρὸς
1615 1781 1669 1832 δὲ
1719 1778 1770 1834 τὸ

84 1860 310 1931 ’ὕπερθεν
341 1861 486 1931 μέρος
523 1865 591 1925 εἰς
627 1859 718 1929 τὴν
755 1859 1066 1929 καλουμένην
1104 1860 1340 1932 ἀπολήγει
1377 1860 1597 1929 νύμφην.
1650 1859 1772 1929 αὕτη

87 1943 145 1996 δὲ
180 1949 278 1996 τῶν
318 1947 461 1997 δυοῖν
498 1941 889 2014 πτερυγωμᾶτων
928 1944 1055 1996 ἐστὶν
1093 1941 1234 2012 ἀρχή,
1285 1949 1342 2014 τῇ
1382 1941 1529 2010 φύσει
1567 1943 1622 1995 δὲ
1660 1959 1774 2009 σαρ-

86 2023 250 2078 κίδιόν
287 2027 415 2078 ἐστιν
455 2022 632 2078 ὡσανεὶ
669 2027 874 2093 μυῶδες.
934 2023 1103 2092 νύμφη
1145 2024 1198 2077 δὲ
1238 2028 1420 2094 εἴρηται
1459 2021 1542 2076 διὰ
1579 2021 1631 2076 τὸ
1671 2030 1774 2085 ταῖς

83 2105 486 2175 νυμφευομέναις
523 2103 705 2174 ὁμοίως
742 2104 1053 2160 ὑποστέλλειν
1091 2105 1143 2160 τὸ
1176 2109 1391 2174 σαρκίον.
1456 2102 1552 2158 ὑπὸ
1594 2105 1648 2157 δὲ
1685 2102 1774 2171 τὴν

89 2185 293 2255 νύμφην
354 2186 503 2240 πάλιν
563 2187 724 2254 ἕτερον
785 2185 1062 2241 ὕποστέλλει
1115 2190 1370 2254 σαρκίδιον
1430 2183 1772 2252 ἐπανεστηκός,

85 2267 206 2338 ὅπερ
246 2270 343 2323 ἐστὶ
380 2274 466 2323 τοῦ
503 2266 745 2336 τραχήλου
784 2274 869 2336 τῆς
906 2264 1135 2334 κύστεως,
1182 2273 1395 2319 καλεῖται
1434 2265 1488 2318 δὲ
1527 2263 1771 2335 οὗρήθρα,

203 2405 230 2444 2
263 2395 344 2444 διὰ
379 2397 476 2445 Or.:
510 2394 588 2443 ἐπὶ
621 2413 657 2443 0.
767 2394 845 2442 ε’πὶ
877 2397 975 2442 Or.:
1007 2393 1105 2442 ἀπὸ
1140 2395 1176 2442 ὁ.
1274 2401 1305 2447 3
1337 2391 1640 2441 ἀντικόπτειν
1672 2396 1770 2442 Or.:

84 2453 374 2503 ἀνακόπτειν
406 2473 445 2504 0.
597 2462 626 2500 4
673 2456 725 2501 δὲ
760 2456 858 2500 Or.:
906 2470 996 2501 0111.
1029 2471 1067 2502 0.
1221 2461 1246 2500 7
1279 2459 1663 2513 παρακολουθεῖν
1695 2455 1770 2499 Or.

87 2518 280 2575 (-θῆσαι
311 2516 388 2561 01.
412 2515 479 2573 F).
597 2521 651 2560 10
684 2515 911 2572 διηνεκῶς
943 2511 1092 2560 αὐτὸν
1124 2515 1222 2561 Or.:
1257 2528 1345 2559 om.
1380 2527 1404 2558 0
1436 2514 1535 2570 (sed
1566 2515 1671 2560 add.
1703 2515 1771 2558 in-

87 2603 161 2648 fra
190 2621 235 2662 p.
270 2607 454 2661 184,1>.
576 2609 630 2648 11
662 2586 912 2661 θεωρούμῖν
946 2603 1298 2660 (510)(312
1333 2598 1479 2647 αυτὸν
1510 2598 1594 2647 τὸν
1625 2599 1771 2658 πόρον

88 2662 168 2708 Or.
319 2668 375 2708 14
414 2664 496 2708 τοῦ
537 2662 723 2708 αἰδοίου
763 2662 838 2708 Or.
995 2667 1048 2707 18
1082 2663 1211 2719 χείλη
1244 2662 1342 2707 Or..
1386 2676 1474 2706 om.
1510 2675 1534 2705 c
1566 2662 1634 2718 (111
1665 2662 1770 2705 albo

88 2723 212 2767 eirca
242 2728 270 2767 4
300 2723 563 2768 litterarum
596 2722 780 2792 spatio).
874 2727 931 2766 20
956 2717 1255 2766 αποτεθέντα
1281 2736 1305 2765 0
1331 2716 1637 2787 (αποτελευτᾷ
1662 2719 1768 2774 Or.)

145 2777 198 2824 τὸ
231 2777 276 2826 ὖ.
310 2779 450 2838 μέρος
479 2795 526 2826 0.
558 2777 616 2824 τὰ
647 2775 862 2835 υπερθεν
895 2780 970 2825 Or.
1147 2785 1202 2850 21
1236 2778 1303 2830 εἰς
1335 2793 1423 2824 0111.
1458 2792 1482 2823 0
1514 2778 1580 2834 (111
1610 2790 1769 2822 versus

85 2838 347 2896 principio).
468 2843 526 2883 24
557 2836 942 2896 νυμφευομέναις
974 2838 1072 2883 Or.:
1105 2836 1316 2894 νύμφαις
1348 2852 1384 2882 c.

1797 992 1838 1023 10

1797 1394 1839 1427 15

1797 1799 1838 1831 20

1797 2202 1839 2234 25
