2014 3162
840 155 1161 191 ——X—

162 277 465 325 recensionis
504 274 783 324 Hafniens1s
825 274 1078 324 conditum
1119 274 1224 339 fuit,
1263 275 1331 322 ita
1363 279 1527 321 tamen
1560 280 1614 322 ut
1637 273 1843 338 integris

162 365 386 414 novoque
411 351 591 413 partim
617 348 786 397 ordine
813 347 1053 412 suppletis
1082 345 1552 410 interrogationibus
1578 362 1698 411 quas
1725 349 1842 396 omi-

160 431 292 472 serat
322 422 368 487 h,
400 422 739 472 Florentinum
773 421 918 471 simul
946 420 1192 485 exemplar
1226 415 1288 487 (l)
1323 426 1406 468 aut
1431 419 1562 483 quod
1588 423 1634 469 ei
1658 421 1842 470 similli-

160 512 297 546 mum
323 496 497 546 suisset
522 499 571 545 in
600 495 871 545 subsidium
899 494 1068 544 doctae
1095 493 1351 543 cuiusdam
1381 493 1737 543 emendationis
1763 494 1842 543 ad·

158 570 364 619 hiberet.
445 577 590 634 atque
632 569 851 618 eiusdem
891 568 1193 617 confusionis
1233 562 1337 633 (hl)
1368 568 1514 616 etiam
1541 583 1599 616 ex
1626 569 1843 619 secundo

167 650 301 692 certe
375 643 498 693 libro
570 643 750 692 codicis
811 642 1016 691 Palatini
1075 648 1296 690 ceterum
1351 639 1587 690 fidelioris
1641 644 1844 708 vestigia

170 717 411 781 exemplis
451 724 645 766 enotata
683 715 853 764 habe0.
930 725 1195 779 utrumque
1235 716 1386 779 igitur
1425 714 1644 765 codicem
1682 725 1737 766 ut
1775 734 1852 768 re·

167 797 360 839 centem
400 793 465 839 ita
506 789 686 839 nullius
727 791 925 838 omnino
967 789 1025 837 ad
1066 796 1254 838 textum
1302 790 1704 839 constituendum
1735 807 1847 842 auc-

158 865 371 912 toritatis
427 879 533 913 esse
587 863 758 912 eodem
814 879 910 927 quo
965 863 1156 927 inspexi
1198 864 1435 926 temporis
1475 871 1724 913 momento
1765 881 1844 914 co-

159 939 325 1002 gnovi,
381 937 472 986 hoc
524 937 625 986 solo
674 938 866 1000 gavisus
908 936 1038 1006 quod
1078 938 1127 984 in
1175 935 1375 985 ultimos
1427 935 1518 985 hos
1558 937 1696 1004 duoS‚
1745 955 1844 988 non

158 1012 343 1074 primos
384 1010 573 1060 delatus
614 1025 788 1059 essem.
874 1025 985 1058 nam
1026 1012 1186 1076 citius,
1233 1016 1289 1058 ut
1327 1002 1537 1059 Baconis
1577 1018 1688 1061 utar
1730 1028 1844 1062 cum

159 1082 348 1132 Rittero
399 1091 591 1150 nostr0,
642 1099 701 1132 ex
748 1099 916 1132 errore
970 1085 1176 1148 emergit
1217 1085 1398 1133 veritas
1438 1099 1584 1149 quam
1624 1101 1684 1134 ex
1727 1102 1841 1136 con-

159 1156 365 1206 fusione.

267 1258 533 1308 Berolini
574 1257 657 1310 25.
701 1259 914 1310 Ianuarii
956 1245 1110 1310 1882.
1599 1268 1661 1312 V.
1701 1268 1768 1312 R.
