2014 3162
730 140 1133 192 —113—

209 271 344 343 (89.)
402 277 445 324 si
484 290 600 324 vero
642 275 892 340 frequenti
930 289 1048 324 casu
1083 274 1296 324 alienata
1336 276 1486 326 suerit
1524 284 1579 327 ut
1618 285 1668 328 et
1707 280 1778 327 ni-

0 342 1 357 *
89 355 300 416 grescat‚
338 350 527 399 utimur
562 348 934 398 medicamentis
966 347 1146 413 quibus
1186 363 1420 398 cancrum
1451 350 1624 400 tollere
1664 367 1777 401 con-

88 424 358 484 suevimuS,
391 423 467 472 vel
498 423 630 471 ferro
662 422 972 486 nigredinem
996 424 1153 486 ipsam
1178 422 1436 472 alienatam
1461 430 1511 472 et
1534 432 1777 474 mortuam

91 496 437 562 praecidimus.
495 498 537 546 si
576 503 739 545 autem
772 502 822 545 et
853 498 1012 545 omnis
1045 497 1223 545 matrix
1256 496 1406 545 fuerit
1434 498 1589 563 nigra,
1628 504 1779 547 totam

92 798 350 841 severatnr
390 793 536 841 etiam
576 791 707 856 quod
747 791 999 856 frequenti
1034 806 1151 840 casu
1182 791 1435 841 vulnerata
1468 799 1552 841 aut
1583 794 1635 841 in
1668 794 1780 841 sinu

91 864 324 914 muliebri
362 864 628 915 cohaerere
668 864 794 914 solet
833 871 917 914 aut
954 864 1233 929 pinnaculis
1280 866 1402 929 ipsis
1437 865 1780 930 conglutinari.

91 954 239 1003 quam
294 953 400 988 rem
456 954 686 1003 separare
735 945 785 987 et
831 937 1031 987 difficile
1079 944 1156 987 est
1202 945 1251 987 et
1301 938 1577 989 molestum.
1654 938 1779 988 bene

91 1018 258 1061 autem
297 1012 459 1077 placet
496 1012 639 1062 nobis
680 1013 751 1062 sic
792 1027 898 1061 eam
938 1011 1201 1076 dimittere,
1242 1014 1284 1061 si
1305 1012 1504 1077 quidem
1544 1012 1780 1078 plurimas

91 1085 330 1136 mulieres
370 1089 441 1136 sic
481 1085 668 1136 diutius
708 1087 887 1135 vixisse
928 1087 1195 1151 antiquitas
1235 1086 1506 1136 adseverat.

373 1244 581 1299 XXXII
640 1245 717 1299 De
758 1243 979 1300 clusura
1019 1243 1215 1299 orificii
1253 1244 1498 1298 matricis
1762 1273 1814 1315 (a.
1843 1297 1850 1305 .

522 1354 673 1400 quam
712 1337 889 1387 Graeci
928 1337 1126 1386 fimosin
1166 1337 1351 1386 dicunt.

205 1449 340 1523 (90.)
396 1454 652 1504 Clauditur
699 1455 944 1503 orificium
998 1454 1218 1503 matricis
1272 1452 1532 1518 aliquando
1588 1454 1781 1503 fervore

90 1527 354 1593 aliquando
396 1529 640 1594 cicatrice,
679 1528 1007 1592 praecedente
1040 1527 1230 1577 scilicet
1264 1526 1484 1593 vulnere,
1522 1527 1782 1592 aliquando

0 570 1 608 ἓ
91 570 436 636 praecidimus.
538 569 652 633 [nec
709 571 889 619 mirum
943 566 1168 619 videa'tur
1223 576 1272 619 et
1325 570 1615 620 incredibile
1667 574 1779 636 quia
1805 581 1824 612 5

0 685 1 698 ,
88 644 193 693 dixi
245 642 613 708 praecidimus]
705 645 747 693 si
795 643 996 708 quidem
1043 649 1186 694 antea
1232 643 1466 708 paulatim
1513 644 1779 694 valitudine

0 716 1 731 ¹
90 718 197 783 ipsa
243 717 449 767 alienata
497 724 547 767 et
599 723 793 766 mortua
842 723 938 783 est,
994 718 1064 766 sic
1105 706 1208 766 nos¹
1235 733 1341 766 eam
1380 717 1623 768 tollemus,
1700 718 1780 767 ad-

1808 950 1848 981 10

90 1602 358 1651 durissima
398 1602 680 1651 callositate.
758 1617 884 1667 quae
931 1602 1131 1651 clusura
1170 1600 1392 1650 mulieris
1433 1600 1628 1666 dicitur,
1670 1603 1808 1666 quia‘

93 1690 256 1740 neque
296 1690 465 1724 semen
505 1677 600 1724 viri
630 1677 854 1740 recipere
887 1681 1098 1740 possunt
1129 1681 1214 1724 aut
1246 1676 1288 1723 si
1312 1674 1604 1726 naturaliter
1635 1675 1786 1724 fuerit

91 1755 406 1815 conceptum,
451 1748 688 1799 infantem
726 1764 902 1814 parere
942 1764 1040 1798 non
1080 1754 1366 1813 potuerunt.
1443 1764 1625 1813 organo
1667 1764 1783 1813 ergo

94 1823 364 1888 patefactae
403 1822 638 1873 mulieres
678 1829 729 1872 et
767 1816 923 1872 oculis
962 1823 1120 1872 videri
1158 1828 1369 1887 possunt
1408 1828 1457 1871 et
1495 1820 1664 1887 digitis
1703 1822 1783 1871 ad·

94 1896 351 1962 prehendi.
457 1899 686 1962 quotiens
748 1903 914 1947 autem
967 1898 1019 1946 in
1070 1897 1268 1946 fervura
1319 1901 1394 1945 est
1449 1903 1498 1945 et
1550 1895 1783 1946 ruborem

95 1969 242 2020 habet
282 1977 330 2020 et
364 1971 587 2020 inflatum
620 1970 829 2037 videtur,
868 1976 1065 2036 oportet
1104 1969 1332 2019 omnibus
1373 1971 1517 2019 etiam
1554 1971 1628 2019 uti
1660 1985 1784 2034 quae

220 2103 243 2141 1
276 2099 330 2143 ut
361 2101 411 2142 et
438 2097 674 2156 nigrescat
705 2111 788 2143 om.
823 2099 851 2142 l.
973 2103 1001 2142 4
1031 2097 1312 2155 precidimus
1336 2123 1392 2129 —
1411 2098 1474 2153 (7)
1499 2097 1683 2141 mortua
1715 2100 1787 2141 est

95 2168 180 2202 om.
199 2158 228 2204 l.
322 2156 362 2201 si
385 2158 542 2202 autem
563 2183 614 2189 —
635 2158 698 2214 (6)
721 2156 1036 2214 praecidimus
1066 2170 1149 2202 om.
1169 2157 1207 2201 b.
1302 2161 1418 2200 5-6
1441 2157 1520 2200 sol.
1541 2157 1783 2212 praebetb.

158 2220 184 2260 5
214 2229 322 2261 nec:
352 2230 411 2260 ne
442 2217 484 2260 h.
610 2222 635 2260 7
668 2217 901 2261 alienatur
931 2218 979 2260 et
1011 2215 1234 2261 emoritur
1263 2216 1306 2259 h.
1411 2229 1495 2259 nos
1529 2215 1601 2259 bl:
1633 2228 1716 2259 om.
1742 2216 1783 2259 h.

154 2275 310 2331 tolle(i
332 2275 375 2330 h,
401 2288 430 2319 a
445 2276 582 2330 l)mus
607 2276 647 2319 b.
747 2279 774 2319 8
798 2275 1043 2320 vulnerata
1065 2276 1114 2319 h:
1147 2275 1243 2319 -tur
1267 2275 1331 2319 bl.
1425 2279 1450 2316 9
1481 2273 1530 2316 in
1554 2273 1680 2330 pinu.
1707 2274 1784 2318 bh.

157 2332 482 2390 conglutinare
515 2334 616 2380 blh.
725 2339 780 2379 10
813 2347 949 2390 quem
979 2349 1076 2378 rem
1111 2335 1174 2378 bl.
1269 2337 1322 2376 12
1356 2331 1421 2376 sic
1454 2333 1536 2389 (d.)
1569 2345 1651 2378 om.
1684 2333 1724 2376 h.

98 2392 376 2445 adseverant
407 2394 435 2438 l.
538 2397 593 2436 14
626 2407 784 2450 quem.
805 2430 814 2438 .
835 2393 1017 2438 ,dicunt
1049 2394 1113 2449 bl,
1146 2406 1255 2449 que.
1276 2427 1285 2436 .
1306 2390 1496 2437 ,dicitur
1525 2392 1567 2435 h.
1659 2389 1787 2449 greci

98 2451 201 2496 blh.
294 2450 448 2508 fymos
476 2452 516 2505 b,
547 2452 708 2509 fymon
731 2454 768 2506 l,
794 2453 926 2496 fimos
949 2453 992 2496 h.
1086 2456 1139 2496 15
1166 2451 1369 2496 cluditur
1390 2451 1431 2494 h.
1525 2450 1582 2494 de
1605 2449 1785 2495 fervore

98 2510 128 2554 l.
237 2515 290 2555 17
316 2510 561 2555 durissima.
585 2511 823 2556 callositas
849 2512 914 2566 bl,
939 2510 1186 2556 durissimo
1212 2510 1332 2555 callo
1355 2510 1396 2553 h.
1490 2523 1578 2565 que
1604 2510 1788 2554 clusura.

99 2568 184 2613 bhz
219 2583 359 2625 quam
391 2569 627 2614 clusuram
659 2571 686 2615 l.
790 2570 998 2614 mulieris
1030 2571 1078 2615 b:
1111 2583 1204 2614 -res
1237 2570 1302 2614 lh.
1408 2567 1596 2612 dicitur:
1632 2581 1715 2612 om.
1740 2569 1783 2621 h,

103 2626 266 2672 dicunt
298 2629 362 2674 bl.
485 2628 617 2685 quia:
649 2643 739 2688 que
772 2631 801 2686 l,
833 2633 876 2686 ὀἷς
909 2630 949 2683 b,
982 2643 1064 2674 om.
1097 2630 1140 2673 h.
1263 2632 1318 2673 18
1351 2627 1552 2671 naturali
1584 2627 1684 2671 blh.

104 2690 158 2730 19
189 2701 353 2743 parere
386 2688 470 2732 bh:
502 2687 655 2744 perire
687 2690 716 2733 l.
837 2689 1005 2746 potuer
1041 2689 1126 2733 bh:
1166 2686 1375 2745 poterint
1406 2687 1434 2731 l.
1557 2698 1667 2742 ergo
1701 2685 1785 2729 bh:

101 2758 211 2790 vero
244 2747 271 2790 Ζ.
394 2751 451 2791 20
485 2746 630 2791 oculis
661 2747 818 2792 videre
850 2749 1046 2805 possunt
1070 2749 1111 2802 b,
1145 2746 1270 2791 oculi
1292 2745 1451 2789 videre
1475 2759 1567 2788 non
1591 2745 1787 2801 possunt

102 2803 132 2858 l,
165 2804 288 2849 oculi
317 2804 467 2850 videri
497 2807 652 2862 potest
684 2819 825 2851 causa
854 2808 896 2851 h.
1042 2811 1098 2850 22
1131 2822 1173 2851 v.
1207 2804 1392 2861 quando
1425 2805 1610 2859 oportet
1641 2801 1789 2847 omni-

102 2861 187 2906 bus
218 2863 504 2920 paragoricis
537 2864 698 2922 utique
729 2866 770 2920 h,
803 2880 846 2910 v.
881 2865 1094 2910 omnibus
1126 2863 1269 2909 etiam
1299 2862 1462 2918 utique
1497 2862 1560 2907 bl.

193 2944 369 2989 Soranus,
395 2946 452 2978 ed.
478 2946 575 2979 Rose
1493 2938 1518 2978 8

1809 1832 1851 1864 20
