2014 3162
727 123 1122 177 -205—

86 259 208 314 κατὰ
249 258 466 329 διύγρων
505 260 586 310 καὶ
626 258 987 325 λιμναζομένων
1025 260 1218 325 χωρίων
1257 257 1456 325 ἀφεῖναι
1486 258 1537 312 τὸ
1570 260 1773 326 σπέρμα,

91 348 188 394 τῶν
236 341 289 394 δὲ
335 338 619 409 ἀνθρώπων
666 337 1035 407 ὑπολαμβάνειν
1089 338 1159 392 ’ὅτι
1211 345 1368 402 καλῶς
1414 338 1773 409 περιγενήσεται

93 429 177 490 τῆς
223 423 490 492 ζῳογονίας
535 417 567 487 ἡ
610 418 758 485 φύσις
798 418 1016 488 διύγροις
1054 421 1137 472 καὶ
1175 420 1639 487 κατακεκλυσμένοις
1678 427 1775 482 τοῖς

92 502 311 570 σώμασιν
349 499 447 554 ὑπὸ
488 503 757 562 πολυυλίας
796 501 1182 569 ἐναποτιθεμένη
1220 499 1278 553 τὰ
1319 501 1577 570 σπέρματα.

200 590 284 636 40.
349 580 442 635 σὺν
494 582 548 634 δὲ
587 579 777 644 τούτοις
815 580 1008 649 ἀριστος
1046 580 1215 651 καιρὸς
1255 585 1438 650 εἴρηται
1476 583 1556 635 καὶ
1597 579 1622 634 ὁ
1663 579 1777 648 μετὰ

89 664 180 733 τὴν
225 662 598 731 ἀποθεραπείαν
648 664 987 731 ἐμβρωματίου
1026 665 1304 731 ληφθέντος
1341 662 1526 732 ὀλίγου,
1564 669 1651 716 τοῦ
1690 662 1778 730 μὲν

97 743 411 814 ε’μβρῶματος
464 744 758 811 παρέξοντος
821 743 1149 797 ε’πανάστασιν
1204 742 1467 813 ὃρμητικὴν
1519 742 1641 812 πρὸς
1694 741 1779 796 τὸν

90 823 399 894 πλησιασμόν
446 825 677 894 γενέσθαι
723 822 788 891 μὴ
837 826 1207 893 περισπωμένης
1251 831 1336 892 τῆς
1383 826 1462 877 ἐπὶ
1509 828 1778 878 συνουσίαν

90 905 242 974 ὁρμῆς
287 912 344 976 τῇ
391 903 514 972 πρὸς
559 902 610 957 τὸ
660 908 814 958 σιτίον
862 903 1039 972 ὀρέξει,
1085 912 1170 973 τῆς
1217 907 1270 958 δὲ
1321 904 1688 973 ἀποθεραπείας
1727 903 1779 957 τὸ

91 986 393 1055 ἑτοιμότερον
429 991 520 1039 τοῦ
559 987 953 1054 καταβληθέντος
990 992 1226 1054 κρατῆσαι
1263 987 1545 1054 σπέρματος.
1620 982 1781 1053 ὥσπερ

88 1069 182 1140 γὰρ
229 1070 312 1122 καὶ
357 1065 481 1135 πρὸς
527 1064 617 1133 τὴν
669 1064 909 1120 ἀνάδοσιν
947 1074 1032 1134 τῆς
1070 1075 1257 1137 τροφῆς
1296 1076 1547 1138 συνεργεῖν
1585 1066 1616 1136 ἡ
1656 1064 1781 1121 ἀπο-

89 1153 332 1219 θεραπεία
371 1149 615 1215 πέφυκεν,
656 1146 810 1211 οὕτως
848 1151 931 1201 καὶ
969 1148 1091 1217 πρὸς
1129 1149 1220 1218 τὴν
1258 1149 1512 1218 ἀνάληψιν
1549 1151 1631 1202 καὶ
1670 1171 1782 1201 κατ-

97 1231 220 1301 οχὴν
267 1235 353 1284 τοῦ
403 1230 694 1297 σπέρματος,
753 1228 1254 1300 ἀποπεφορτισμένων
1309 1232 1396 1299 μὲν
1449 1237 1546 1284 τῶν
1599 1234 1784 1298 χθιζῶν

95 1310 162 1375 ὥς
216 1306 280 1364 ἀν
335 1313 464 1363 είποι
516 1331 587 1372 τις
641 1310 1035 1378 περιττωμάτων,
1091 1313 1546 1381 διακεκαθαρμένου
1599 1313 1652 1364 δὲ
1697 1317 1782 1364 τοῦ

91 1394 312 1462 σώματος
350 1394 433 1445 καὶ
464 1390 588 1460 πρὸς
617 1391 702 1455 τὰς
734 1391 946 1490 φυσικὰς
978 1397 1261 1462 οἰκονομίας
1293 1393 1545 1456 εὐσταθῶς
1577 1395 1782 1462 ἔχοντος.

96 1499 167 1539 ως
222 1478 316 1529 οὐν
369 1475 451 1526 καὶ
505 1470 530 1526 ὁ
578 1471 791 1542 γεωργὸς
844 1472 934 1541 τὴν
987 1481 1082 1543 γῆν
1128 1474 1506 1544 προεκκαθάρας
1559 1476 1640 1527 καὶ
1683 1495 1784 1573 την

92 1558 353 1626 ἀλλοτρίαν
400 1554 749 1623 υπεξελόμενος
799 1554 925 1622 υλην
962 1555 1064 1608 τότε
1104 1561 1308 1626 σπείρει,
1353 1555 1474 1608 κατὰ
1512 1555 1597 1609 τὸν
1637 1553 1785 1607 αὐτὸν

39 1628 42 1629 ⁷
94 1638 274 1706 τρόπον
331 1638 414 1690 καὶ
463 1634 602 1704 ἡμεῖς
656 1643 994 1704 παραινοῦμεν
1053 1638 1648 1706 προαποθεραπευθέντος
1701 1641 1786 1688 τοῦ

94 1719 315 1788 σώματος
352 1716 443 1785 τὴν
484 1721 551 1780 εἰς
589 1718 822 1786 γέννησιν
862 1715 1140 1786 ἀνθρώπου
1181 1717 1372 1786 σπορὰν
1405 1719 1726 1787 μετέρχεσθαι.

207 1805 347 1852 τοῦτο
390 1798 443 1850 δὲ
483 1796 574 1851 οὐκ
613 1800 711 1850 ἔστι
749 1797 1027 1866 μαχόμενον
1057 1806 1122 1872 τῷ
1148 1800 1303 1869 λέγειν
1342 1801 1404 1852 ἐν
1439 1805 1513 1871 τῷ
1552 1796 1785 1871 ὑγιεινῷ

97 1884 365 1942 συνουσίας
412 1879 612 1946 ἄριστον
649 1878 823 1948 καιρὸν
862 1878 987 1933 εἶναι
1024 1879 1110 1934 τὸν
1147 1879 1242 1949 πρὸ
1281 1887 1367 1949 τῆς
1406 1879 1786 1948 ἀποθεραπείας.

98 1964 203 2016 ἐκεῖ
242 1961 331 2028 μὲν
378 1959 471 2030 γὰρ
510 1966 689 2023 κοινῶς
728 1962 838 2029 περὶ
876 1960 1037 2029 πάσης
1074 1967 1160 2029 τῆς
1199 1960 1347 2030 ἄλλης
1386 1965 1570 2029 εἴρηται
1608 1978 1787 2014 συνου-

99 2047 206 2106 σίας
254 2043 337 2094 καὶ
383 2040 460 2094 ἐπ’
511 2039 726 2110 ἀνδρῶν,
766 2043 985 2095 ἐνταῦθα
1031 2044 1085 2096 δὲ
1137 2045 1388 2112 ἐξαιρέτως
1434 2045 1512 2096 ε’πὶ
1559 2049 1643 2110 τῆς
1680 2047 1783 2095 κατ’

105 2123 414 2191 ἐπιτήδευσιν
451 2125 770 2185 τεκνοποιίας.
848 2123 968 2177 ὅσον
1006 2126 1095 2192 μὲν
1133 2124 1224 2194 γὰρ
1264 2125 1344 2193 ἐφ’
1389 2127 1544 2198 ἐαυτῷ
1575 2123 1627 2178 τὸ
1667 2123 1790 2177 ἀπο-

100 2203 468 2274 θεραπεύεσθαι
518 2201 633 2271 μετὰ
680 2201 770 2272 τὴν
817 2207 870 2257 ἐκ
907 2211 1005 2258 τῶν
1043 2205 1354 2273 ἀφροδισίων
1391 2203 1607 2274 ταραχὴν
1645 2202 1790 2274 ὑγιει-

101 2285 208 2352 νόν,
248 2285 367 2340 ὅσον
407 2285 460 2338 δὲ
492 2286 572 2338 ἐπὶ
602 2283 654 2338 τὸ
688 2288 1080 2354 διακρατηθῆναι
1109 2285 1161 2340 τὸ
1187 2288 1375 2355 σπέρμα
1397 2285 1595 2355 ἠρεμεῖν
1618 2283 1792 2339 κατάλ-

100 2373 262 2434 ληλον.

217 2453 304 2500 41.
343 2447 503 2510 τινὲς
544 2447 607 2500 δὲ
644 2453 756 2500 τῶν
788 2454 1060 2501 παλαιῶν
1090 2449 1172 2500 καὶ
1202 2447 1317 2511 τοὺς
1348 2447 1439 2502 ἀπὶ
1479 2454 1575 2501 τῶν
1607 2450 1793 2511 ἔξωθεν

104 2527 306 2596 καιροὺς
354 2527 553 2597 ὥρισαν.
631 2527 906 2598 ἐπιτήδειον
946 2527 1040 2598 γὰρ
1079 2527 1204 2582 εἶναι
1241 2527 1329 2583 τὸν
1366 2527 1540 2597 καιρὸν
1577 2536 1792 2597 πληρου-

36 2671 38 2673 ,
106 2610 256 2677 μένης
293 2616 379 2678 τῆς
418 2608 636 2678 σελήνης.
707 2618 992 2678 συμπαθεῖν
1030 2609 1123 2681 γὰρ
1161 2609 1218 2663 τὰ
1258 2612 1444 2680 ἐπίγεια
1481 2618 1582 2673 τοῖς
1621 2632 1789 2678 μεταρ-

225 2752 251 2790 2
284 2743 396 2798 τούς
427 2744 483 2791 δε
517 2743 804 2805 ἀνθρώπους
836 2762 872 2792 o
1004 2753 1033 2792 4
1064 2744 1157 2792 υπὸ
1191 2749 1296 2795 add.
1327 2748 1364 2791 E
1402 2750 1506 2804 (om.
1542 2750 1599 2803 ο)
1721 2743 1792 2791 ε’ν-

106 2803 456 2874 αποτιθεμένης
487 2820 524 2850 c.
669 2810 696 2851 8
728 2808 810 2862 τῆς
843 2804 921 2853 ἐπὶ
952 2809 1201 2858 συνουσίας
1234 2822 1258 2852 c
1292 2806 1390 2864 (ubi
1423 2819 1648 2863 suprascr.
1683 2801 1791 2860 ἐπὶ).

168 2868 222 2908 15
254 2860 337 2916 τὰς
367 2864 511 2910 habet
543 2880 566 2910 c
598 2867 703 2922 (om.
737 2866 799 2922 d).

1808 1007 1847 1038 10

1809 1412 1850 1445 15

1810 1818 1853 1851 20

1816 2224 1857 2256 25

1816 2631 1859 2664 30
