2014 3162
179 286 309 334 uteri
348 282 602 333 muliebris
641 284 878 347 imagines
917 281 1102 332 addidit
1142 283 1265 330 situs
1305 280 1506 329 infantis
1544 283 1702 331 varios
1742 283 1857 332 rudi

178 358 401 422 exemplo
427 351 913 423 (10111011511311105.16)
962 356 1081 404 haec
1107 356 1292 418 figurae
1320 351 1387 403 16
1414 369 1620 404 numero
1645 350 1746 423 (vel
1774 355 1856 422 14,

177 434 219 480 si
259 447 348 497 pro
388 447 486 480 uno
519 432 618 479 sint
648 429 969 494 gemellorum
993 431 1085 478 tria
1119 423 1362 494 exempla)
1389 443 1556 477 earum
1583 444 1703 493 quas
1728 432 1859 479 inter

175 505 373 554 codices
412 505 588 554 latinos
628 519 757 552 unus
797 503 1067 567 adscriptas
1101 501 1254 550 codex
1279 500 1546 551 Muscionis
1571 501 1852 553 Hasniensis

178 584 342 627 servat
382 573 492 644 (XV
532 573 781 644 numero),
821 592 933 625 113111
972 575 1150 640 reliqui
1183 575 1279 624 duo
1309 574 1527 624 laborem
1551 577 1857 641 negligentes

179 651 548 701 declinaverunt
595 646 668 716 (id
716 650 846 715 quod
896 649 1119 699 consulto
1161 665 1212 698 se
1253 650 1432 698 fecisse
1472 652 1636 713 graeci
1675 651 1858 700 codicis

179 725 384 774 Soranei
424 727 637 789 scriptor
677 718 980 790 confitetur),
1032 730 1167 772 certa
1207 722 1415 787 quadam
1456 731 1504 772 et
1542 726 1762 788 ipsarum
1801 725 1854 774 li-

176 814 383 847 nearum
434 799 694 847 ductarum
734 805 783 846 et
822 800 1078 846 universae
1119 798 1346 862 rationiS,
1394 796 1610 846 adiectae
1651 800 1854 863 insuper

178 872 513 937 explicationis
585 871 902 935 similitudine
970 873 1256 920 memoriam
1324 878 1564 920 servatam
1624 872 1854 937 produnt.

178 961 302 1010 quae
343 945 608 994 similitudo
653 960 765 994 cum
804 947 854 993 in
895 959 1068 993 novam
1110 960 1165 993 ex
1207 943 1441 994 Eucharii
1480 945 1702 1013 eitemplo
1744 962 1855 995 con-

177 1019 490 1068 suetudinem
544 1034 624 1067 res
680 1018 859 1083 abiret,
909 1020 960 1066 in
1014 1018 1375 1082 posterioribus
1413 1021 1593 1083 partim
1633 1019 1854 1069 eiusdem

176 1092 291 1141 libri
330 1092 626 1141 editionibus
667 1094 951 1156 saepissime
991 1094 1192 1157 repetiti
1229 1094 1410 1157 partim
1449 1092 1655 1142 aliorum
1690 1101 1854 1142 aucto-

174 1181 286 1215 rum
333 1166 472 1215 libris
519 1168 820 1214 imitatorum
868 1166 1078 1229 quodam
1127 1165 1396 1215 adornandi
1452 1167 1613 1216 studio
1674 1167 1858 1231 aliqua-

174 1246 320 1288 tenus
381 1255 494 1288 mox
556 1239 816 1288 obscurata
877 1247 965 1288 est.
1042 1242 1174 1289 inter
1237 1255 1360 1305 quos
1416 1234 1479 1308 (a.
1538 1238 1703 1306 1554)
1761 1242 1854 1290 fuit

174 1313 386 1362 Jacobus
439 1313 588 1361 Rueff
637 1312 922 1362 Turicensis
976 1316 1162 1363 amicus
1213 1313 1420 1363 Gesneri
1469 1317 1647 1380 nostri,
1701 1317 1847 1383 cuius

175 1387 427 1435 commode
467 1402 579 1435 mox
620 1389 827 1436 accessit
867 1386 1137 1437 Graeculus
1176 1387 1256 1436 ille
1298 1403 1444 1452 quem
1483 1389 1706 1438 vidimus,
1787 1397 1853 1438 at-

176 1475 269 1524 que
326 1459 543 1508 60511010
607 1462 826 1524 quamvis
889 1464 1076 1510 erranti
1137 1461 1345 1512 debetur
1403 1462 1533 1526 quod
1588 1461 1856 1511 Muscionis

174 1549 352 1582 nomen
393 1534 520 1598 apud
560 1534 705 1583 Italos
737 1541 848 1598 post
889 1550 927 1583 3.
975 1533 1115 1585 1300
1154 1551 1310 1601 paene
1352 1538 1638 1601 extinctum,
1679 1536 1855 1585 deinde

176 1622 288 1655 cum
338 1607 477 1656 Celso
528 1610 652 1656 miro
693 1609 836 1657 modo
877 1617 1105 1659 renatum
1145 1625 1269 1659 saec.
1310 1608 1408 1675 XV,
1448 1610 1684 1659 duratura
1724 1625 1855 1659 nunc

180 1679 460 1730 litterarum
499 1683 670 1730 notitia
711 1683 1052 1732 confirmatum
1091 1691 1298 1733 maneat.

285 1753 591 1803 Muscionem
631 1761 794 1804 autem
826 1756 957 1806 hunc
989 1757 1066 1806 vel
1096 1757 1406 1823 Mustionem,
1440 1759 1525 1822 qui
1557 1757 1730 1806 Sorani
1763 1758 1856 1806 fuit

174 1829 420 1892 interpres
477 1828 679 1893 latinuS,
734 1832 899 1892 graeci
955 1833 1118 1895 operis
1173 1831 1289 1881 licet
1343 1831 1402 1880 de
1444 1831 1613 1880 eadem
1652 1834 1857 1880 materia

173 1901 382 1965 duplicis
447 1903 591 1950 etiam
649 1904 700 1950 in
755 1918 922 1952 rerum
979 1905 1151 1954 ordine
1206 1913 1395 1954 textum
1449 1911 1675 1954 secutum
1729 1920 1854 1971 esse,
1929 1949 1932 1952 ,

172 1973 266 2022 hoc
315 1982 370 2023 ut
418 1982 804 2024 consentaneum
850 1979 917 2026 ita
956 1980 1062 2042 ipso
1105 1979 1725 2029 001111101110-1113111105111111
1765 1987 1853 2028 est.

175 2049 245 2095 sic
287 2049 416 2096 enim
456 2050 521 2096 ait
560 2047 616 2113 II,
658 2047 748 2098 24:
786 2050 1212 2116 „subsequebatur
1253 2053 1448 2102 schema
1487 2052 1547 2100 de
1588 2052 1765 2101 fistulis
1802 2054 1854 2101 in

172 2123 375 2170 matrice
415 2124 612 2186 positiS,
654 2123 783 2186 quod
823 2124 1020 2174 schema
1059 2128 1332 2175 transferre
1373 2126 1523 2192 nolui,
1572 2128 1613 2174 si
1653 2125 1853 2190 quidem

171 2193 522 2243 obstetricibus
563 2210 864 2259 supervacue
906 2198 998 2248 1100
1041 2195 1380 2249 insinuamus“
1413 2196 1495 2266 (cf.
1529 2199 1588 2266 ΙΙ,
1620 2197 1655 2248 4
1687 2197 1852 2265 011111).

173 2269 225 2315 111
264 2269 384 2331 ipsis
424 2267 572 2316 rebus
615 2269 743 2332 quod
777 2270 855 2319 hic
894 2271 990 2321 illic
1024 2274 1262 2337 quaedam
1303 2274 1584 2339 discrepare
1610 2272 1855 2338 videntur,

171 2340 265 2389 hoc
319 2341 431 2389 inde
482 2343 664 2391 factum
713 2352 786 2392 est
834 2345 963 2408 quod
1018 2349 1069 2395 in
1122 2350 1288 2412 priore
1328 2347 1443 2396 libri
1481 2354 1618 2411 parte
1659 2362 1754 2411 qua
1794 2340 1881 2395 de'

171 2416 493 2478 conceptione
540 2421 589 2463 et
639 2424 782 2479 partu
830 2421 928 2482 agit
975 2419 1308 2485 physiologice
1357 2437 1414 2470 ex
1461 2421 1856 2486 Responsionum

172 2486 350 2536 libellis
405 2488 656 2536 transtulit
710 2505 840 2539 nunc
895 2491 1185 2560 deperditis,
1241 2497 1292 2543 in
1347 2495 1499 2544 altera
1550 2501 1713 2543 autem
1760 2509 1855 2558 qua

175 2559 235 2608 de
279 2560 462 2609 morbis
503 2561 780 2627 mulierum,
819 2568 1082 2629 „quoniam
1122 2571 1342 2617 omnium
1381 2568 1703 2617 valitudinum
1744 2583 1853 2632 spe·

175 2633 325 2683 ciales
366 2649 510 2682 curas
551 2634 658 2698 (isti
696 2631 833 2703 libri)
875 2653 972 2686 11011
1012 2638 1236 2707 habent“,
1278 2644 1434 2692 iustos
1476 2643 1855 2691 commentarios

175 2707 335 2756 doctis
398 2707 678 2757 hominibus
742 2712 953 2773 scriptos
1009 2714 1338 2777 supplementi
1392 2731 1538 2765 causa
1593 2717 1855 2780 excerpsit,

172 2780 396 2845 neglecta
438 2780 626 2830 scilicet
665 2784 1106 2847 interrogationum
1147 2797 1195 2836 et
1234 2792 1614 2853 responsionum
1650 2790 1854 2854 ratione,

173 2855 214 2903 si
266 2870 419 2903 unum
467 2855 733 2920 capitulum
781 2860 1035 2921 exceperis
1075 2867 1123 2908 et
1162 2876 1335 2924 graece
1377 2871 1426 2912 et
1463 2863 1612 2912 latine
1652 2878 1855 2928 corrup-
