2014 3162
883 135 1246 188 -46-

224 288 323 322 non
377 273 530 322 fuerit
583 271 885 337 assellatum,
939 271 1148 322 mulsam
1203 279 1251 320 et
1300 271 1461 319 omnia
1510 284 1633 334 quae
1684 276 1909 320 ventrem

225 346 413 395 mollire
453 352 663 410 possunt
703 348 848 395 etiam
888 361 1124 394 mammae
1165 344 1404 394 dabimus.

334 419 584 469 Hactenus
624 419 683 468 de
725 421 1101 484 cateperotianis
1147 418 1504 468 transtulimus,
1589 423 1638 467 et
1677 419 1910 482 quoniam

225 496 445 543 omnium
483 493 807 543 valitudinum
848 493 1085 558 speciales
1126 507 1271 541 curas
1301 507 1401 541 non
1433 491 1635 557 habent,
1675 506 1796 555 quas
1833 490 1910 540 vel

180 578 200 611 5
224 570 432 618 maxime
473 567 766 616 obstetrices
806 582 951 616 nosse
993 568 1237 633 convenit,
1275 566 1460 631 placuit
1497 573 1553 614 ut
1585 564 1644 613 ad
1676 566 1908 629 gynaecia

223 640 556 691 triacontados
604 641 929 690 conferamus
1006 640 1120 689 inde
1168 642 1298 689 enim
1337 639 1480 705 plena
1525 640 1745 688 omnium
1783 653 1902 688 cura

223 716 465 764 insinuari
502 721 680 778 potest.

683 840 967 886 EXPLICIT
1000 840 1180 885 LIBER
1211 840 1449 886 PRIMVS.

347 995 370 1032 1
403 989 604 1034 asellatfi
635 989 786 1033 mulsa
817 992 865 1034 ei.
895 989 1022 1034 olera
1054 989 1287 1046 (sic,01ea
1317 1001 1432 1034 corr.
1459 988 1702 1044 Gesn.1oro
1733 990 1907 1047 omnia)

226 1065 267 1106 q.
301 1063 344 1094 v.
378 1063 437 1094 m.
470 1064 538 1106 p..
590 1050 698 1094 haec
727 1049 781 1093 in
810 1053 938 1093 teaetu
967 1050 997 1092 h
1027 1049 1191 1093 omissa
1224 1048 1407 1101 litteris,
1445 1061 1540 1093 non
1570 1048 1908 1105 lanyobardicis

223 1112 276 1152 ut
306 1109 358 1152 in
388 1112 515 1152 textu
545 1108 623 1152 sed
652 1108 933 1171 vulga-ribus,
964 1109 1236 1163 supplentwr
1266 1109 1318 1151 in
1347 1108 1566 1164 maryi‘ne.
1659 1106 1911 1155 assellatus

227 1167 330 1211 Pal.
365 1171 406 1211 et
439 1166 568 1211 Cant.
707 1172 732 1210 3
765 1162 969 1211 Actenus
1001 1167 1058 1211 de
1090 1166 1456 1223 cataperocianis
1490 1165 1566 1222 (de
1598 1166 1908 1221 caheperobia-

223 1226 296 1270 nis
313 1225 413 1270 Pal.
417 1227 434 1278 )
457 1225 830 1270 transtulerimus
870 1227 971 1283 (sic)
1010 1227 1039 1269 h
1073 1225 1292 1282 (Actenus
1324 1226 1486 1269 decate
1517 1224 1730 1282 pocianis
1760 1228 1913 1271 crans-

222 1285 415 1329 tulimus
451 1283 614 1341 Cant..)
781 1289 807 1329 5
841 1285 1093 1329 obsetrices
1122 1285 1164 1330 h.
1340 1284 1532 1341 genecia,
1561 1284 1654 1328 tria.
1685 1286 1910 1331 contados

225 1345 323 1400 (sic)
354 1345 384 1387 h
415 1342 564 1400 (Cant
598 1349 640 1388 et
674 1343 809 1398 Pal.).
963 1348 989 1387 6
1023 1343 1314 1388 conferamus
1348 1345 1446 1398 (sic)
1477 1344 1517 1387 h.
1672 1344 1898 1389 omnium.

225 1402 432 1447 omnium
473 1417 718 1447 causarum
749 1404 843 1447 cod.
886 1403 970 1459 (vel
1001 1404 1135 1459 corr.)
1178 1401 1367 1447 Gesneri
1405 1403 1472 1459 (in
1503 1407 1596 1449 not.
1628 1403 1690 1447 ad
1723 1403 1905 1448 Mosch

216 1476 267 1519 p.
303 1466 379 1508 52.
441 1463 507 1506 sic
539 1462 674 1507 etiam
708 1460 871 1518 Cant).
