2014 3162
870 125 1267 177 —174—

226 255 502 325 χάνουσαν,
554 254 755 325 ἀρίστην
802 257 855 310 δὲ
899 255 989 325 τὴν
1034 255 1428 325 προσειληφυῖάν
1473 277 1517 310 τι
1560 257 1643 310 καὶ
1687 255 1812 326 πρὸς
1854 263 1922 328 τῇ

227 342 494 410 προστασίᾳ
539 340 594 392 ἐν
637 345 739 401 τοῖς
776 336 1066 407 θεωρήμασι
1111 334 1423 404 πολύπειρον.
1500 336 1820 407 μερικῶτερον
1858 338 1916 392 δὲ

227 419 428 486 λέγομεν
480 417 682 486 ἆρίστην
735 425 887 486 μαῖαν
938 417 1029 485 τὴν
1074 418 1478 486 γεγυμνασμένην
1531 419 1586 471 ἐν
1637 424 1759 472 πᾶσι
1811 410 1912 482 τοῖς

229 500 390 567 μέρεσι
427 505 513 567 τῆς
550 503 844 567 θεραπείας,
897 521 955 551 τα
994 499 1082 566 μὲν
1119 497 1212 567 γὰρ
1251 501 1496 566 διαιτῆσαι
1534 502 1616 552 δεῖ
1645 498 1702 553 τὰ
1736 501 1791 553 δὲ
1819 521 1913 568 χει-

178 603 200 635 5
224 587 462 651 ρουγῆσαι
507 579 564 634 τὰ
611 581 666 633 δὲ
713 579 992 649 φαρμάκοις
1044 578 1445 648 διορθώσασθαι,
1490 581 1575 633 καὶ
1611 579 1793 649 ταύτην
1829 582 1914 634 καὶ

221 663 592 732 παραγγέλματα
632 665 809 715 δοῦναι
849 661 1135 729 δυναμένην
1172 661 1255 713 καὶ
1285 659 1337 714 τὸ
1370 659 1543 715 κοινὸν
1564 662 1647 714 καὶ
1676 660 1729 715 τὸ
1762 679 1915 731 προσ-

221 743 323 811 εχὲς
377 746 502 796 ἰδεῖν
547 744 631 795 καὶ
674 741 728 797 τὸ
776 742 1030 810 συμφέρον
1091 743 1145 794 ἐκ
1197 740 1373 795 τούτου
1428 740 1782 811 λαμβάνουσαν
1829 744 1918 796 καὶ

222 822 330 891 μήτ’
389 821 488 877 ἀπὸ
543 829 640 877 τῶν
694 826 863 877 αἰτίων
910 820 1019 891 μητ’
1069 820 1169 876 ἀπὸ
1215 828 1301 891 τῆς
1350 822 1627 887 πλειστάκις
1662 823 1912 894 τηρήσεως

219 910 318 958 τῶν
349 903 573 959 καθόλου
604 923 699 958 συν
885 909 1116 972 τμητικῆς
1148 902 1351 971 τούτων,
1390 902 1490 957 εἶτα
1520 904 1642 958 κατὰ
1674 906 1819 975 μέρος
1847 904 1908 960 οὗ

155 1008 199 1040 10
222 987 670 1054 παρατυπουμένην
732 987 787 1039 ἐν
843 994 948 1049 ταῖς
1003 990 1101 1038 τῶν
1163 985 1534 1054 συμπτωμάτων
1603 991 1907 1055 μεταβολαῖς,

220 1072 603 1136 παρηγοροῦσαν
665 1067 718 1119 δὲ
770 1066 892 1120 κατὰ
945 1066 1037 1136 τὴν
1087 1066 1211 1136 πρὸς
1264 1066 1316 1120 τὸ
1371 1066 1538 1130 πάθος
1587 1066 1911 1133 ἀκολουθίαν,

219 1146 464 1217 ἀτάραχον
509 1144 880 1216 ἀκατάπληκτον
927 1150 982 1202 ἔν
1018 1156 1120 1212 τοῖς
1156 1148 1428 1214 κινδύνοις,
1468 1152 1637 1212 δεξιῶς
1674 1147 1760 1202 τὸν
1797 1149 1912 1217 περὶ

218 1234 315 1281 τῶν
353 1228 690 1297 βοηθημάτων
722 1228 872 1298 λόγον
910 1228 1207 1283 ἀποδιδόναι
1241 1230 1545 1297 δυναμένην,
1583 1233 1910 1298 παραμυθίαν

217 1316 320 1372 ταῖς
358 1308 660 1377 καμνούσαις
696 1313 1020 1379 πορίζουσαν,
1067 1309 1455 1379 συμπάσχουσαν
1491 1311 1575 1363 καὶ
1614 1309 1675 1364 οὐ
1712 1310 1909 1374 πάντως

153 1412 194 1446 15
219 1389 279 1443 οὐ
325 1398 675 1460 προτετοκυῖαν
722 1388 788 1454 ὡς
841 1394 995 1445 ἔνιοι
1040 1392 1290 1461 λέγουσιν,
1345 1395 1428 1444 ἵνα
1490 1391 1768 1461 συνειδήσει
1813 1397 1911 1445 τῶν

217 1470 508 1542 ἀλγημάτων
544 1479 650 1535 ταῖς
689 1472 959 1536 τικτούσαις
998 1479 1256 1546 συμπαθῇ,
1306 1479 1489 1541 μᾶλλον
1525 1472 1619 1542 γὰρ
1656 1479 1797 1527 τοῦτο
1835 1494 1910 1527 τε·

215 1557 431 1621 τοκυίας,
471 1554 674 1608 εὔτονον
713 1555 767 1607 δὲ
799 1553 881 1608 διὰ
911 1553 998 1618 τὰς
1027 1553 1320 1623 ὑπουργίας,
1358 1556 1442 1607 καὶ
1472 1553 1534 1608 οὗ
1563 1553 1758 1618 πάντως
1787 1555 1909 1607 νέαν

218 1631 283 1697 ὡς
331 1638 457 1702 φασί
499 1656 678 1702 τινες,
732 1637 814 1688 καὶ
860 1634 953 1705 γὰρ
1000 1637 1088 1688 νέα
1124 1658 1196 1697 τις
1234 1635 1410 1699 ἄτονος
1447 1638 1530 1689 καὶ
1568 1634 1628 1690 οὐ
1667 1637 1755 1688 νέα
1793 1634 1906 1689 τού-

216 1719 415 1770 ναντίον
469 1715 692 1782 εὔτονος,
748 1716 987 1785 σώφρονα
1042 1717 1096 1769 δὲ
1149 1717 1232 1768 καὶ
1288 1712 1552 1784 νήφουσαν
1600 1715 1674 1770 ἆεὶ
1725 1714 1809 1770 διὰ
1853 1715 1908 1770 vd

149 1820 193 1851 20
217 1797 404 1865 ἄδηλον
450 1802 548 1850 τῶν
594 1796 718 1866 πρὸς
762 1796 847 1860 τὰς
884 1796 1274 1860 κινδυνευούσας
1313 1797 1673 1866 μετακλήσεων,
1716 1797 1908 1866 ἥσυχον

218 1878 271 1930 δὲ
317 1880 527 1947 ἔχουσαν
571 1877 741 1947 θυμὸν
787 1876 853 1942 ὥς
897 1884 1094 1932 πολλῶν
1138 1884 1236 1931 τῶν
1283 1880 1338 1931 έν
1386 1885 1452 1951 τῷ
1490 1884 1583 1950 βίῳ
1624 1882 1910 1948 μυστηρίων,

217 1960 426 2028 μετέχειν
464 1960 759 2027 μέλλουσαν,
809 1957 1151 2029 ἀφιλάργυρον
1191 1957 1257 2022 ὦς
1295 1959 1360 2028 μὴ
1402 1959 1484 2013 διὰ
1524 1959 1708 2028 μισθὸν
1746 1965 1908 2023 κακῶς

217 2045 394 2095 δοῦναι
433 2041 669 2109 φθόριον,
709 2039 1080 2109 ἆδεισιδαίμονα
1118 2040 1263 2110 χάριν
1300 2047 1387 2094 τοῦ
1426 2039 1492 2110 μὴ
1534 2040 1599 2093 δι’
1643 2041 1836 2110 ὄνειρον
1874 2038 1907 2109 ἢ

217 2121 299 2174 διὰ
345 2121 590 2190 κληδόνας
634 2120 666 2190 ἢ
715 2123 934 2189 συνηθές
978 2144 1022 2175 τι
1069 2122 1337 2191 μυστήριον
1383 2123 1467 2174 καὶ
1505 2120 1740 2190 βιωτικὴν
1777 2130 1905 2190 θρη-

148 2225 190 2257 25
216 2207 383 2256 σκείαν
421 2202 670 2272 ὑπεριδεῖν
707 2201 759 2256 τὸ
800 2204 1067 2272 συμφέρον.
1129 2204 1446 2272 ἐπιτηδευέτω
1480 2203 1534 2255 δὲ
1563 2204 1643 2255 καὶ
1679 2201 1770 2271 τὴν
1807 2207 1909 2255 τῶν

215 2290 389 2353 χειρῶν
419 2288 686 2352 τρυφερίαν
714 2284 1052 2352 φυλαττομένη
1083 2286 1166 2337 καὶ
1196 2283 1281 2348 τὰς
1313 2283 1601 2352 σκληρύνειν
1625 2285 1906 2352 δυναμένας

215 2368 516 2435 ε’ριουργίας,
563 2364 644 2418 διὰ
683 2363 959 2434 χρισμάτων
1007 2365 1060 2417 δὲ
1106 2366 1575 2433 προσκατακτωμένη
1615 2362 1823 2430 ἁπαλάς,
1862 2367 1907 2418 εἰ

337 2544 359 2581 1
393 2554 456 2582 n:
488 2535 537 2582 τὲ
572 2552 609 2582 ο.
745 2534 835 2593 πρὸ
870 2538 953 2594 τῆς
982 2540 1265 2595 προστασίας
1298 2553 1321 2583 0
1355 2539 1488 2595 (corr.
1521 2538 1591 2593 E).
1715 2543 1740 2582 5
1773 2537 1854 2582 καὶ
1889 2539 1896 2597 Ι

214 2593 352 2642 ταῦτ’
389 2598 466 2640 ινα
507 2611 530 2640 0
573 2599 705 2668 (corr.
739 2597 810 2651 Ε).
932 2597 1013 2641 καὶ
1050 2597 1223 2641 addidi.
1347 2602 1372 2640 9
1406 2597 1512 2653 post
1544 2611 1629 2640 συν
1661 2597 1820 2642 album
1850 2596 1900 2641 in

215 2671 239 2701 c
276 2659 332 2714 1}
364 2669 450 2701 cm.
547 2660 602 2699 14
634 2652 690 2699 οὗ
722 2653 909 2707 πάντως
938 2658 1247 2728 προτετοκυία
1280 2669 1303 2698 c
1337 2654 1517 2713 (addidi
1548 2651 1638 2713 οὗ).
1672 2656 1728 2701 of.
1755 2656 1901 2700 etiam

213 2715 247 2770 Ι,
275 2720 331 2760 70
365 2714 466 2761 init.
577 2719 630 2759 15
662 2710 923 2771 συνειθήση
955 2715 1047 2758 τῶν
1079 2710 1367 2772 ἆλπημάτων
1399 2715 1499 2770 (sic)
1533 2729 1571 2759 c.
1674 2719 1727 2760 16
1759 2715 1899 2759 τοῦτο
1967 2751 1971 2753 .

215 2803 388 2848 addidi.
510 2808 567 2848 20
600 2803 759 2860 (τῶν..
780 2803 817 2859 .)
845 2799 1166 2860 μετακλήσεως
1198 2803 1364 2860 (sic)c.
1486 2808 1541 2848 27
1573 2819 1635 2859 πρ
1661 2819 1901 2848 κατακτω·

215 2860 362 2919 μένην
393 2857 588 2906 ἁπαλῶν
621 2876 658 2907 0.
