2014 3162
749 147 1147 200 —195—

105 286 304 350 νητικῆς
341 281 583 349 ἐνεργείας
622 277 745 346 πρὸς
777 281 989 347 ἔκκρισιν
1020 278 1126 348 ἄγει
1157 285 1355 346 μᾶλλον,
1388 289 1490 344 ταῖς
1522 283 1574 334 δὲ
1607 282 1792 347 διόδοις

103 367 189 417 τοῦ
227 359 502 429 πνεύματος
539 359 733 427 πέφυκε
773 366 1247 426 συνεπακολουθεῖν,
1300 359 1454 424 οὕτως
1492 366 1574 415 καὶ
1612 362 1642 431 ἡ
1681 367 1792 434 περὶ

102 442 160 497 τὰ
197 449 453 512 γυναικεῖα
493 440 639 509 μόρια
677 444 962 510 συγκίνησις
1000 441 1054 492 ἕν
1090 447 1191 503 τοῖς
1230 439 1540 510 ἀφροδισίοις
1579 462 1790 498 συνανα-

103 530 225 596 χαλᾷ
273 522 359 576 τὸν
397 522 548 592 ὄγκον
588 521 718 575 ὅλον.
797 521 880 574 διὰ
927 528 1066 575 τοῦτο
1123 522 1176 574 δὲ
1213 522 1296 574 καὶ
1334 520 1422 589 τὴν
1460 521 1666 592 ὑστέραν
1705 524 1793 577 ἆν-

110 609 243 672 ίησιν
289 603 407 656 ὥστε
451 606 534 656 καὶ
571 602 663 672 τὴν
700 602 950 671 κάθαρσιν
988 601 1417 671 ἆπαρεμπόδιστον
1456 611 1791 673 φυλαχθῆναι.
1816 629 1836 662 5

106 686 278 739 πολλαὶ
317 689 441 754 γοῦν
480 683 563 737 διὰ
603 682 797 752 μακρὰν
836 689 1035 754 χηρείαν
1074 683 1321 754 στράγγως
1357 687 1438 737 καὶ
1479 684 1593 753 μετὰ
1631 685 1791 741 πόνου
1827 689 1839 694 ”

100 765 461 834 καθαιρόμεναι
509 772 810 835 γαμηθεῖσαι
858 765 1007 818 πάλιν
1058 764 1432 834 ἕκαθάρθησαν.
1509 769 1565 818 αἱ
1610 767 1663 819 δὲ
1713 768 1792 818 ε’κ-

101 855 362 916 τμηθεῖσαι
406 846 491 910 τὰς
538 845 720 915 μήτρας
768 846 851 910 ὕες
890 843 1292 916 ε’ρρωμενέστεραι
1330 851 1578 916 γίγνονται
1617 846 1699 900 διὰ
1738 846 1791 900 τὸ

103 927 219 997 μηδ’
263 927 388 991 ὅλως
425 930 552 996 ἔχειν
590 925 644 980 τὸ
684 925 773 994 τὴν
811 928 1032 995 ἔμμηνον
1070 929 1283 996 ἔκκρισιν
1322 925 1573 995 ὑπομένον
1611 927 1791 1029 σπλάγ-

101 1033 235 1079 χνον.
313 1008 378 1073 ὦς
426 1012 519 1063 οὖν
565 1008 684 1062 οὐδὲ
731 1006 980 1077 ποδαγρὸς
1028 1007 1093 1060 άν
1138 1031 1209 1072 τις
1254 1007 1443 1078 γένοιτο
1490 1009 1650 1073 πόδας
1697 1009 1787 1063 οὐκ
1813 1033 1855 1065 ιο

101 1093 226 1159 ἔχων
272 1089 390 1145 οὐδὲ
435 1087 642 1158 στραβὸς
687 1088 803 1152 τοὺς
850 1088 1147 1157 ὀφθαλμοὺς
1194 1089 1566 1158 ἐκκεκομμένος,
1621 1096 1686 1164 τῷ
1726 1091 1791 1184 μῆ

96 1174 223 1240 ἔχειν
253 1170 306 1224 τὸ
339 1170 480 1239 μέλος
510 1168 537 1223 ὃ
571 1169 786 1238 νοσήσει,
818 1170 939 1224 κατὰ
963 1169 1048 1224 τὸν
1072 1170 1223 1225 αυτὸν
1247 1171 1432 1240 τρόπον
1456 1170 1572 1225 οὐδὲ
1595 1179 1700 1235 ταῖς
1725 1195 1791 1240 μη

102 1249 328 1321 ἐχούσαις
364 1250 456 1320 τὴν
494 1250 685 1319 μήτραν
725 1250 932 1304 δύναται
971 1259 1415 1321 παρακολουθῆσαι
1452 1251 1510 1305 τὰ
1541 1251 1663 1305 κατὰ
1701 1251 1792 1320 τὴν

105 1331 310 1401 ὑστέραν
347 1331 613 1402 γιγνόμενα
653 1335 878 1400 δυσχερῆ.
955 1341 1059 1397 ταῖς
1099 1334 1153 1386 δὲ
1184 1333 1457 1402 παρθένοις
1493 1331 1726 1400 πάρεστιν
1760 1356 1792 1400 η

102 1413 270 1483 μήτρα.
347 1417 583 1476 κίνδυνος
627 1416 719 1466 οὐν
761 1412 824 1465 δι’
870 1413 988 1467 όλου
1027 1421 1113 1481 τῆς
1152 1420 1435 1482 συμπλοκῆς
1473 1412 1790 1482 ἀπεχομένων
1815 1437 1857 1469 15

98 1494 262 1548 αὐτῶν
307 1495 681 1563 παραπολέσθαι
729 1493 820 1562 τὴν
870 1501 957 1562 τῆς
996 1492 1197 1563 ὑστέρας
1236 1494 1496 1564 ἐνέργειαν.
1573 1493 1698 1562 πρὸς
1737 1495 1790 1547 δὲ

26 1560 49 1578 ³
100 1574 152 1629 τὸ
191 1574 277 1639 τὰς
315 1574 381 1643 μὴ
421 1573 841 1638 συνουσιαζούσας
872 1573 1272 1627 ἀπαλλάσσεσθαι
1302 1581 1388 1643 τῆς
1418 1577 1471 1627 ἐκ
1502 1581 1588 1628 τοῦ
1619 1579 1792 1627 τίκτειν

48 1648 51 1653 ’
99 1655 358 1718 κακώσεως
404 1673 558 1722 φασιν
610 1651 684 1709 ὅτι
731 1654 853 1723 πρὸς
900 1658 1035 1725 ἕτερα
1079 1662 1242 1728 πολλῷ
1288 1663 1452 1724 χεῖρον
1499 1654 1581 1707 διοὶ
1631 1654 1683 1709 τὸ
1723 1654 1789 1724 μὴ

98 1735 438 1800 συνουσιάζειν
468 1735 766 1805 βλάπτονται
805 1734 1294 1806 παρεμποδιζομένης
1332 1737 1417 1805 τῆς
1456 1735 1678 1804 ε’μμήνου
1709 1758 1792 1788 κα-

100 1817 340 1887 θάρσεως.
416 1815 580 1886 ἀμέλει
627 1819 710 1870 καὶ
751 1821 1065 1888 καταπίμελοι
1110 1822 1361 1889 γίγνονται
1405 1819 1487 1871 καὶ
1536 1825 1636 1880 τοῖς
1675 1834 1790 1886 συγ·
1815 1841 1857 1872 20

103 1904 303 1969 κρίμασι
348 1907 666 1968 περιπληθεῖς
715 1898 1156 1969 ὖποσωρευομένου
1205 1898 1310 1952 κατ’
1361 1898 1527 1968 ὀλίγον
1572 1903 1658 1951 τοῦ
1709 1896 1792 1950 διὰ

102 1987 189 2048 τῆς
226 1979 518 2050 καθάρσεως
556 1979 842 2048 ὀφείλοντος
881 1982 1256 2043 ἔξαναλοῢσθαι.
1315 1977 1529 2048 βλαβερὰ
1559 1982 1729 2032 τοίνυν
1759 1976 1791 2046 ἡ

104 2061 168 2114 δι’
212 2058 330 2116 ὅλου
369 2067 632 2131 παρθενία.

214 2150 299 2199 32.
337 2147 422 2197 καὶ
459 2149 658 2198 τοιαῦτα
698 2142 787 2210 μὲν
818 2142 1044 2210 λέγουσιν
1083 2142 1398 2211 ἑκατέρωθεν.
1448 2138 1585 2208 ἡμεῖς
1617 2141 1670 2193 δὲ
1701 2139 1791 2207 τὴν

44 2250 49 2251 ’
102 2227 303 2292 διηνεκῆ
350 2228 629 2294 παρθενίαν
680 2221 903 2292 ’ὑγιεινὴν
942 2221 1070 2275 εἶναί
1105 2243 1268 2290 φαμεν
1306 2221 1378 2275 ὅτι
1417 2219 1631 2289 βλαβερὰ
1669 2219 1791 2274 κατὰ
1814 2241 1857 2275 25

45 2368 47 2371 y
98 2306 238 2374 γένος
277 2303 308 2374 ἡ
349 2308 612 2371 συνουσία,
659 2302 886 2372 καθάπερ
935 2305 997 2356 ἐν
1033 2310 1107 2376 τῷ
1145 2301 1388 2375 ὑγιεινῷ
1428 2299 1510 2353 διὰ
1549 2299 1791 2354 πλειόνων

97 2383 455 2439 ἆποδέδεικται.
539 2386 781 2454 βλέπομεν
828 2385 882 2437 δὲ
927 2386 1010 2437 καὶ
1055 2390 1152 2437 τῶν
1191 2382 1384 2452 ἀλόγων
1424 2379 1562 2454 ζῴων
1601 2382 1655 2434 ἐν
1692 2387 1792 2443 τοῖς

46 2488 67 2517 ,’
101 2474 343 2535 θηλυκοῖς
398 2467 516 2520 ὄντα
569 2467 951 2536 ἐρρωμενέστερα
1004 2463 1060 2517 τὰ
1114 2460 1404 2532 κωλυόμενα
1448 2467 1506 2532 τῇ
1552 2464 1791 2531 συνουσία

50 2611 53 2617 1
103 2555 333 2618 χρῆσθαι,
371 2549 455 2601 καὶ
492 2554 590 2601 τῶν
628 2553 879 2618 γυναικῶν
912 2546 1304 2615 δυσαλωτοτέρας
1342 2542 1466 2614 πρὸς
1496 2541 1676 2606 νόσους
1706 2540 1790 2604 τὰς

53 2687 58 2689 .
219 2655 245 2694 2
276 2646 544 2720 πνεύματος
575 2648 676 2706 (sic)
709 2663 746 2694 c.
915 2643 1064 2698 οὕτως
1095 2647 1195 2703 (sic)
1231 2660 1267 2691 c.
1437 2649 1491 2688 12
1525 2638 1580 2687 οὗ
1613 2639 1789 2698 νοσήση

55 2743 63 2747 ι
103 2707 204 2764 (sic)
237 2721 261 2751 c
293 2708 373 2767 (τῷ
407 2704 468 2766 μὴ
505 2706 630 2765 ἔχειν
656 2734 711 2740 -
735 2703 927 2765 νοσήσει
966 2720 1055 2751 om.
1089 2706 1318 2762 Gomperz
1348 2702 1408 2748 E2
1439 2719 1484 2761 p.
1519 2703 1608 2758 20).
1733 2705 1786 2743 16

55 2774 58 2776 ’
101 2767 523 2823 παραπολεσθῆναι
555 2781 580 2811 c
613 2769 746 2841 (corr.
779 2767 931 2812 Herw.
965 2765 1027 2809 E2
1057 2780 1103 2822 Ρ.
1128 2766 1218 2821 20).
1351 2767 1406 2806 18
1438 2763 1536 2819 χρεί
1541 2776 1629 2805 ονα
1660 2773 1696 2804 ο.

104 2830 158 2870 19
189 2827 426 2883 παραποδ
462 2840 500 2870 ο.
623 2831 679 2870 27
715 2822 766 2870 ἐν
797 2830 895 2876 τοῖς
924 2828 1155 2880 θηλυκοῖς
1187 2837 1278 2868 om.
1305 2822 1530 2877 Gomperz
1560 2817 1620 2862 Εει
1652 2832 1695 2874 Ρ.
1715 2821 1786 2861 21.

162 2890 217 2929 29
251 2882 691 2941 δυσαναλωτοτέρας
723 2900 746 2929 c
780 2886 914 2940 (eon.
945 2884 1015 2940 E).

1432 2952 1520 2996 13*
