2014 3162
883 145 1280 198 —366—

231 285 328 332 τῶν
369 283 513 332 δυοῖν
553 280 607 332 δὲ
645 284 819 347 χειρῶν
849 277 1263 345 προβεβλημένων
1299 277 1380 328 καὶ
1413 275 1529 344 μήτε
1560 275 1920 345 ἀνατρέπεσθαι

233 361 525 428 δυναμένων
565 359 681 428 μήτε
719 357 1123 431 παρακρούεσθαι
1154 364 1260 419 τοῖς
1292 365 1547 425 σπασμοΐς,
1588 356 1653 421 ῶς
1689 356 1780 426 τὴν
1804 362 1920 426 μίαν

231 443 311 493 καὶ
358 440 444 504 τὰς
483 440 574 495 δύο
617 441 698 494 διὰ
735 447 821 509 τῆς
859 438 992 507 παρὰ
1031 447 1132 502 τοῖς
1171 438 1434 507 ἀκρωμίοις
1472 445 1740 508 περικοπῆς
1778 438 1920 493 ἀναι-

233 530 350 590 ρεῖν.
427 526 470 575 εἰ
507 523 561 575 δὲ
600 526 819 589 μείζονος
856 528 943 574 τοῦ
983 524 1222 587 κεφαλίου
1260 518 1565 588 ὑπάρχοντος
1601 519 1633 589 ἡ
1666 521 1922 589 σφήνωσις

185 625 206 657 5
231 601 526 670 ἀποτελοῖτο,
567 602 647 655 διὰ
687 609 774 655 τοῦ
814 600 1158 670 ἕμβρυοτόμου
1197 599 1227 668 ἢ
1262 607 1349 654 τοῦ
1389 609 1666 656 πολυπικοῦ
1699 606 1918 656 σπαθίου

229 686 568 752 κρυπτομένου
608 682 783 751 μεταξὺ
821 688 1023 750 λιχανοῦ
1061 683 1144 733 καὶ
1181 687 1268 734 τοῦ
1307 689 1483 750 μικροῦ
1529 682 1769 736 δακτύλου
1799 682 1922 736 κατὰ

229 765 319 833 τὴν
365 767 588 831 ἔνθεσιν,
636 768 679 818 εἰ
723 765 812 832 μὲν
857 761 1200 832 ὑγροκέφαλον
1250 766 1324 829 εἴη
1363 761 1416 816 τὸ
1457 764 1658 832 βρέφος,
1698 767 1921 833 διαιρεῖν,

230 848 313 898 ἴνα
349 852 435 899 τοῦ
474 844 629 915 ὑγροῦ
667 845 972 907 κενωθέντος
1009 842 1041 912 ἡ
1078 842 1280 912 περιοχὴ
1314 845 1535 914 συμπέσῃ
1567 851 1653 912 τῆς
1683 850 1920 914 κεφαλῆς,

230 929 274 979 εἰ
319 927 373 979 δὲ
412 933 633 994 φυσικῶς
671 924 1038 996 ἆδροκέφαλον,
1083 930 1142 996 τῇ
1188 926 1310 992 χειρὶ
1348 926 1682 979 συνθλαστέον
1719 925 1809 994 τὴν
1847 947 1922 979 κε-

169 1030 211 1062 10
235 1006 425 1076 φαλήν,
480 1006 682 1076 συνήκει
734 1006 827 1076 γὰρ
882 1006 1105 1075 εὐμαρῶς
1158 1004 1363 1059 ἁπαλῶν
1418 1009 1484 1059 ἔτι
1536 1013 1634 1060 τῶν
1684 1007 1922 1076 σωμάτων

231 1088 402 1142 ὄντων.
457 1093 500 1142 εἰ
538 1089 591 1141 δὲ
631 1088 714 1157 μή,
753 1091 835 1141 καὶ
873 1095 938 1161 τῷ
979 1092 1177 1159 σπαθίῳ
1217 1086 1270 1140 τὸ
1303 1092 1508 1155 κρανίον
1540 1092 1747 1158 διαιρεῖν
1769 1088 1920 1142 καλὸν

229 1169 351 1223 κατὰ
390 1170 475 1224 τὸν
512 1176 598 1223 τοῦ
638 1171 906 1239 βρέγματος
945 1169 1114 1235 τόπον,
1154 1171 1198 1221 εἰ
1237 1169 1291 1221 δὲ
1330 1168 1413 1236 μή,
1452 1168 1571 1222 καθ’
1615 1169 1920 1238 οἵονδήποτε.

229 1252 637 1320 προεκκριθέντος
682 1250 776 1319 γὰρ
822 1257 909 1304 τοῦ
957 1250 1229 1320 ἐγκεφάλου
1269 1254 1530 1318 συμπίπτει
1567 1249 1619 1304 τὸ
1669 1250 1920 1318 κεφάλιον.

229 1331 287 1384 τα
325 1336 457 1401 χείλη
498 1333 552 1385 δὲ
590 1338 675 1400 τῆς
715 1333 995 1401 διαιρέσεως
1039 1331 1364 1405 ἀποστρέφειν
1401 1331 1484 1383 καὶ
1523 1330 1826 1400 συνθραύειν
1862 1330 1920 1384 τὰ

167 1433 208 1466 15
234 1412 433 1484 ὀστάρια
473 1413 538 1466 δι’
583 1412 885 1483 ὄδοντάγρας
923 1411 954 1481 ἢ
994 1411 1246 1482 ὀστάγρας.
1298 1415 1343 1465 εἰ
1381 1412 1435 1464 δὲ
1473 1411 1556 1465 διὰ
1596 1413 1805 1482 μέγεθος
1833 1419 1921 1467 τοῦ

230 1493 347 1548 ’ὅλου
395 1493 615 1562 σώματος
669 1496 793 1563 μηδὲ
851 1493 1006 1556 οὕτως
1053 1493 1316 1561 ἑλκόμενον
1361 1491 1629 1560 ὑπακούοι,
1683 1500 1780 1546 τῶν
1826 1493 1919 1548 δύο

230 1574 378 1643 ῶμων
426 1577 805 1644 ένερειδομένων
850 1583 951 1639 τοῖς
1000 1579 1223 1645 πλαγίοις
1263 1576 1423 1644 μέρεσι
1460 1581 1545 1643 τῆς
1583 1574 1790 1644 μήτρας,
1837 1577 1920 1627 καὶ

229 1659 297 1719 εἰς
341 1655 426 1719 τὰς
473 1655 666 1726 σφαγὰς
715 1660 963 1725 βαπτίζειν
1000 1655 1053 1709 τὸ
1094 1658 1312 1708 σπαθίον
1351 1657 1487 1724 μέχρι
1524 1654 1920 1724 κενεμβατήσεως

228 1741 297 1800 εἰς
341 1736 393 1790 τὸ
446 1740 676 1806 ἔμβρυον.
753 1737 1108 1807 ἀποκριθέντος
1147 1736 1238 1805 γὰρ
1277 1742 1365 1790 τοῦ
1405 1739 1605 1804 αἵματος
1643 1735 1811 1805 ἰσχνὸν
1848 1740 1920 1806 γί-

163 1839 205 1870 20
229 1839 393 1887 γνεται
442 1817 495 1871 τὸ
535 1825 688 1886 σῶμα.
765 1817 879 1886 μετὰ
919 1818 974 1871 δὲ
1010 1824 1159 1871 ταῦτα
1197 1817 1314 1871 ὅλον
1349 1816 1403 1870 τὸ
1435 1816 1672 1883 κεφάλιον
1711 1821 1919 1886 διαιρεῖν

227 1900 309 1951 καὶ
347 1898 403 1951 τὰ
445 1899 767 1968 μεσοπλεύρια
807 1898 1130 1952 διακόπτοντα
1168 1900 1251 1950 καὶ
1281 1896 1367 1951 τὸν
1398 1896 1670 1965 πνεύμονα.
1727 1906 1917 1966 πληρωὴ

227 1980 336 2042 θεὶς
380 1977 472 2049 γὰρ
522 1979 754 2044 πολλάκις
791 1979 956 2051 ὑγρῶν
994 1981 1077 2032 καὶ
1116 1978 1261 2041 αὐτὸς
1300 1978 1534 2032 ἕπλάτυνε
1570 1977 1656 2032 τὸν
1692 1978 1917 2048 θώρακα.

227 2058 363 2112 λύειν
425 2060 480 2112 δὲ
548 2062 630 2112 καὶ
696 2060 754 2113 τὰ
823 2062 1151 2128 συνδεδεμένα
1219 2062 1340 2129 μέρη
1409 2067 1494 2114 τοῦ
1555 2059 1772 2128 στήθους
1833 2059 1916 2113 διὰ

228 2146 324 2192 τῶν
379 2139 631 2194 δακτύλων
677 2140 975 2195 ἀποσπῶντα
1020 2141 1105 2205 τὰς
1150 2145 1467 2205 κατακλεῖδας
1511 2140 1610 2195 ἀπὸ
1649 2148 1747 2195 τῶν
1792 2141 1918 2196 ἀντι-

348 2297 374 2336 2
408 2289 772 2364 παρακούεσθαι
803 2299 902 2345 τοῖς
933 2299 1162 2352 σπασμοῖς
1195 2309 1218 2339 c
1249 2296 1652 2367 (παρακολουθεῖν
1684 2299 1782 2346 τοῖς
1814 2292 1914 2340 ἔπι-

230 2357 458 2421 σπασμοῖς
487 2352 557 2408 Ε).
711 2348 792 2403 059:
827 2352 894 2404 εἰς
926 2368 965 2400 c.
1119 2359 1145 2398 3
1178 2351 1469 2411 ακρωμένοις
1501 2368 1525 2398 c
1557 2355 1689 2410 (corr.
1721 2355 1794 2410 D).

229 2406 462 2466 ἀναιρεῖν.
509 2410 556 2455 εἰ
585 2410 637 2456 δε
662 2412 724 2455 D:
760 2409 866 2469 ἐνερ
872 2412 988 2457 είνει
1018 2411 1071 2457 δὲ
1105 2427 1143 2457 c.
1266 2417 1293 2456 8
1325 2411 1644 2483 κενωθὲηντος
1653 2426 1678 2456 c
1709 2413 1807 2469 (ινα
1837 2429 1915 2458 κε-

229 2468 391 2540 νωθξν
424 2470 650 2539 συμπέσοι
680 2429 942 2527 Pau1„⁹sed
973 2486 1082 2516 mox
1112 2471 1296 2516 idem⁰
1269 2488 1349 2515 ινα
1379 2471 1462 2516 τοῦ
1495 2467 1644 2529 ὑγροῦ
1676 2470 1916 2516 κενωθέν·

229 2543 306 2578 τος
338 2524 362 2571 ὁ
396 2524 559 2586 θώραξ
592 2529 833 2599 συμπέσοι.
882 2530 937 2574 ef.
970 2532 1111 2586 effuso
1142 2532 1326 2575 humore
1355 2530 1470 2587 lau).
1652 2535 1678 2574 9
1711 2528 1916 2575 συνθλά-

231 2601 378 2631 σαντα
410 2600 448 2630 c.
595 2593 650 2632 10
681 2605 769 2645 γαρ
802 2588 977 2634 addidi.
1125 2595 1176 2634 11
1210 2590 1292 2634 καὶ
1320 2603 1414 2634 non
1445 2590 1567 2638 ante
1601 2588 1683 2633 sed
1714 2590 1821 2660 post
1850 2590 1914 2634 τῶ

229 2647 417 2690 σπαθίω
450 2645 595 2690 habet
621 2660 657 2691 c,
752 2652 805 2691 12
838 2664 958 2692 κατα
990 2649 1049 2692 Ε·
1084 2647 1130 2693 εἰ
1158 2645 1205 2705 (ἢ
1237 2649 1295 2704 D)
1327 2644 1448 2692 κατὰ
1481 2661 1518 2692 ο.
1604 2649 1706 2692 οῖὀν
1737 2645 1911 2704 δήποτε

227 2701 401 2761 τρόπον
426 2704 526 2762 (sic)
551 2719 575 2749 ο
607 2706 826 2776 (ειΙίῑθωιῃ
850 2707 939 2752 hoc
962 2704 1110 2751 τόπον
1141 2707 1233 2750 del.
1265 2706 1334 2776 E).
1431 2711 1484 2750 13
1516 2705 1857 2778 προκριθέντος
1888 2721 1914 2751 ο

228 2766 360 2820 (corr.
380 2763 456 2822 D).
565 2769 619 2808 15
653 2761 849 2809 διδόντα
880 2762 1083 2820 γράσιος.
1115 2763 1172 2809 τὰ
1205 2761 1353 2822 γράση
1387 2764 1440 2810 δὲ
1473 2762 1556 2810 δια
1587 2781 1687 2823 μεγ.
1721 2780 1745 2811 c
1761 2767 1912 2840 (corr.
1966 2767 1987 2775 '‘

228 2823 349 2879 DE).
444 2828 499 2869 16
516 2819 623 2868 δύοε
643 2821 696 2868 δὲ
715 2837 739 2867 c
758 2824 866 2880 (om.
884 2823 953 2880 E).
1042 2830 1094 2868 17
1115 2822 1485 2895 ε’νερειδομένοις
1509 2823 1614 2881 (sic,
1637 2837 1732 2868 non
1753 2821 1911 2882 ε’ρειδ.)

228 2896 252 2926 c
285 2885 387 2938 (-ων
418 2882 491 2939 D).
596 2887 648 2927 21
684 2879 766 2927 τὸν
799 2896 887 2927 om.
922 2897 946 2928 e
980 2883 1103 2941 (add.
1137 2883 1207 2940 Ε).
1329 2888 1385 2927 23
1417 2881 1474 2927 τὰ
1507 2897 1595 2929 om.
1628 2896 1652 2926 c
1686 2884 1807 2940 (add.
1840 2882 1912 2940 E).
