2014 3162
876 108 1278 162 —330—

231 248 403 304 λευκος
447 238 738 310 ὑπόσομφος
784 239 992 310 εύαφής,
1041 243 1186 293 εἴκων
1231 239 1354 308 πρὸς
1397 239 1482 305 τὰς
1519 247 1617 295 τῶν
1666 240 1919 295 δακτύλων

231 325 431 390 θλίψεις
453 323 536 375 καὶ
566 320 681 390 μετὰ
713 320 870 392 βραχὺ
901 321 1050 375 πάλιν
1074 319 1406 390 ἐπαιρόμενος.
1446 320 1499 376 τὸ
1525 323 1579 375 δὲ
1610 322 1919 394 ἐπιγάστριον

234 403 478 474 ὁμόχρουν
517 405 614 457 ἐστὶ
652 405 733 456 καὶ
770 411 870 467 τοῖς
908 401 1163 465 δακτύλοις
1201 400 1463 470 ἑλκόμενον
1500 405 1841 459 ἐπακολουθεῖ.

342 485 401 539 τὰ
440 484 563 539 αὐτὰ
603 485 658 538 δὲ
689 486 770 537 καὶ
809 491 903 538 νῦν
941 485 1288 553 παραληπτέον
1324 482 1448 553 ἅπερ
1486 485 1564 537 ἐπὶ
1594 491 1680 554 τῆς
1709 487 1919 554 ἐμπνευ-

186 592 210 625 5
235 567 490 635 ματῶσεως
529 565 803 635 εἰρήκαμεν.
877 565 1244 636 ἕγχυματιστέον
1283 566 1338 619 δὲ
1373 564 1489 630 τοὺς
1519 564 1702 630 τόπους
1739 566 1790 621 τὸ
1830 568 1920 636 μὲν

231 655 424 717 πρῶτον
469 649 613 720 ἐλαίῳ
653 652 846 720 θερμῷ,
900 648 1061 699 ἔπειτα
1098 649 1322 719 κυπρίνῳ
1359 644 1392 715 ἢ
1433 650 1573 718 ἰρίνῳ
1613 649 1783 720 ἐλαίῳ,
1836 651 1918 702 καὶ

231 737 427 793 πεσσοῖς
466 727 652 796 ὁμοίοις
689 735 788 792 τοῖς
826 725 901 781 ἐπ’
945 726 1403 796 ἐμπνευματώσεως.

282 896 406 944 VIII
469 892 614 960 Περὶ
654 894 899 960 σκίρρον
937 892 1036 943 καὶ
1076 891 1513 960 σκληρωμοῖτων
1553 893 1614 946 ἐν
1651 887 1881 964 ὑστέρᾳζ

345 1001 430 1050 35.
468 998 688 1064 Σκληρία
724 998 936 1064 γίγνεται
967 993 1152 1063 μήτρας
1181 993 1303 1047 κατὰ
1333 994 1610 1065 προήγησιν
1642 1001 1921 1066 φλεγμονῆς

167 1102 210 1134 10
234 1078 288 1130 ἐκ
335 1078 512 1145 μέρους
557 1073 589 1143 ἢ
637 1074 875 1129 καθόλου.
950 1076 1215 1143 παρέπεται
1261 1077 1317 1129 δὲ
1363 1075 1509 1146 ὄγκος
1556 1075 1753 1145 ἀπηνὴς
1791 1075 1920 1130 ἄντί-

233 1179 402 1224 τυπος,
443 1158 496 1210 ἐν
536 1158 590 1209 δὲ
629 1163 731 1219 ταῖς
769 1157 1061 1225 βιαιοτέραις
1091 1161 1294 1224 θλίψεσι
1325 1157 1557 1226 ναρκώδη
1591 1161 1920 1226 συναίσθησιν

233 1240 504 1306 ἐπιφέρων,
559 1239 642 1290 καὶ
697 1235 763 1300 ὥς
811 1238 891 1290 ἐπὶ
931 1236 1143 1305 ἶσχιοῖσιν
1181 1239 1234 1291 ἐν
1271 1244 1338 1311 τῷ
1377 1245 1659 1306 περιπατεῖν
1696 1241 1779 1291 καὶ
1817 1241 1922 1292 ἐπι-

231 1319 499 1386 κεκυφέναι
537 1324 714 1372 πονεῖν
752 1315 916 1384 ὀσφὺν
954 1322 1218 1387 βουβῶνας
1256 1318 1565 1389 ἐπιγάστριον
1605 1360 1617 1372 .
1695 1363 1704 1373 .
1783 1361 1794 1372 .
1874 1361 1883 1372 .

272 1440 1883 1455 οοοοοοοοοοοοοοοοοοο

818 1619 889 1668 ΙΧ
950 1617 1097 1685 Περὶ
1136 1614 1336 1683 μύλης.

346 1724 429 1772 36.
485 1716 554 1770 ‘H
585 1719 819 1788 λεγομένη
860 1717 1012 1786 μύλη,
1060 1715 1092 1786 ἢ
1140 1716 1311 1782 καθὼς
1349 1718 1485 1772 ἄλλοι
1524 1719 1716 1788 λέγουσι
1754 1718 1922 1787 μύλος,

233 1803 490 1868 σκίρρωσίς
536 1802 664 1853 ἐστιν
709 1798 911 1869 υστέρας
950 1798 1033 1854 διὰ
1071 1800 1453 1869 προηγουμένην
1492 1799 1779 1871 φλεγμονην
1818 1801 1923 1854 ἐπι-

353 1913 378 1953 7
414 1903 486 1966 ὁμ.
519 1913 619 1959 τοῖς
650 1903 727 1952 ἐπ’
757 1909 874 1965 (τοῖς
902 1907 986 1964 τῆς
1014 1906 1094 1964 E):
1126 1903 1200 1964 ὁμ
1233 1908 1317 1964 τῆς
1348 1921 1387 1952 c.
1481 1912 1507 1952 8
1539 1909 1769 1980 Σωρανοῦ
1802 1907 1921 1958 falso

231 1967 514 2012 inscr.Ae1;ii
540 1981 641 2025 cap.
665 1966 774 2023 περὶ
799 1970 988 2024 σκίρρον
1020 1966 1102 2011 καὶ
1133 1963 1466 2024 σκιρρωμάτων
1495 1965 1857 2035 (σκληρωμάτων
1880 1969 1920 2023 ο)

235 2023 287 2071 ἐν
318 2022 489 2088 υστέρα
523 2026 647 2083 quod
672 2025 925 2083 plurimum
948 2025 1138 2071 recedit.
1183 2040 1268 2083 pro
1299 2025 1372 2072 111.
1407 2025 1488 2083 qui
1519 2040 1575 2072 ex
1605 2026 1743 2072 Aetio
1774 2029 1923 2074 trans-

231 2085 356 2130 latus
399 2072 474 2130 sib
501 2084 607 2131 fort.
641 2098 726 2131 scr.
770 2085 877 2141 περι
920 2086 1152 2154 σκληρίας,
1215 2083 1273 2131 cf.
1318 2085 1463 2130 addit.
1509 2085 1592 2131 lat.
1633 2099 1693 2144 ap
1699 2084 1920 2131 .Oribas.
1990 2099 1992 2145 j

233 2144 506 2201 V1,372—=
530 2145 675 2188 Musc.
830 2149 882 2188 11
925 2140 1171 2200 ναρκώδης
1203 2157 1227 2187 c
1259 2145 1394 2201 (corr.
1426 2143 1501 2202 D).
1655 2100 1708 2189 lp2
1750 2140 1813 2196 ὥς
1845 2141 1923 2190 ἐπὶ
1987 2146 1991 2157 ”

234 2180 456 2260 ἰσχιάσιν.
492 2204 547 2248 cf.
582 2203 706 2249 Cael.
724 2201 833 2249 Aur
859 2218 904 2260 p.
923 2207 1140 2247 548—49.
1262 2208 1541 2259 περιπατεῖν
1573 2199 1922 2260 ἐπιπεφυκέναι
1990 2207 1992 2247 ὲ

232 2263 315 2306 καὶ
346 2268 511 2308 πονεῖν
544 2277 581 2307 e
744 2268 797 2306 13
845 2262 920 2307 hic
943 2262 1217 2329 interrupto
1250 2262 1428 2308 scribae
1460 2262 1620 2308 labore
1651 2263 1811 2307 finitur
1841 2263 1920 2307 de-

233 2325 426 2378 repente
458 2322 603 2367 codex
634 2321 908 2366 Parisiensis
938 2321 987 2365 111
1017 2321 1172 2366 media
1202 2322 1389 2379 pagina.
1453 2322 1736 2367 sententiam
1767 2322 1922 2379 explet
1990 2328 1992 2332 ’

240 2380 441 2426 Soranus
474 2380 601 2439 apud
633 2380 760 2426 Orib.
795 2383 930 2437 (saec.
950 2379 1030 2437 VI)
1062 2380 1208 2425 latine
1240 2393 1400 2426 versus
1433 2380 1499 2426 sic
1538 2379 1616 2437 VI,
1634 2385 1742 2426 372:
1774 2385 1923 2438 torpo-

232 2453 326 2484 rem
363 2441 479 2494 facit
516 2444 557 2486 et
593 2441 712 2485 sicut
742 2441 795 2484 in
824 2441 1015 2484 sciatica
1042 2440 1256 2496 passione
1285 2440 1604 2497 yradientibus
1632 2441 1702 2484 vel
1730 2452 1821 2485 sese
1848 2441 1921 2484 in-

234 2499 515 2544 clinantibus
545 2500 740 2544 dolorem
769 2502 911 2544 movet
941 2499 1127 2544 οῐιικιιηι
1158 2504 1292 2556 atque
1322 2499 1569 2556 inquinant
1598 2504 1642 2544 et
1669 2499 1753 2545 sub
1777 2499 1920 2546 umbi-

236 2557 322 2602 lico
348 2558 600 2614 pubetenus
631 2571 734 2603 cum
755 2558 958 2615 pondere
988 2558 1184 2614 quodam
1216 2558 1278 2603 ad
1308 2558 1533 2611 inferiora
1564 2558 1780 2605 tendente.
1811 2571 1921 2603 nam

235 2617 277 2660 si
306 2617 359 2661 in
389 2617 485 2661 eius
519 2618 628 2662 collo
658 2618 727 2661 vel
758 2618 909 2663 osculo
940 2617 1120 2662 obem-itia
1148 2617 1308 2672 fuerit,
1339 2617 1427 2665 ilia
1456 2629 1551 2663 non
1580 2617 1810 2673 inflantur
1839 2630 1921 2662 nee

233 2676 316 2721 sub
348 2676 561 2720 umbilico
585 2676 838 2731 pubetenus
868 2676 1132 2730 tenduntnr,
1170 2677 1248 2722 sed
1286 2676 1490 2721 inmissis
1521 2676 1682 2734 diyitis
1710 2677 1922 2723 reeiotens

233 2736 467 2781 invenitwr
495 2735 689 2783 duritia
860 2739 914 2778 16
953 2734 1144 2779 11111111111
1175 2736 1249 2805 (ex
1279 2733 1442 2791 Aetio
1480 2735 1561 2805 qui
1593 2733 1820 2781 Soranum
1852 2748 1921 2780 se·
1960 2743 1993 2775 -ss

235 2794 412 2866 guitur)
451 2795 518 2840 sio
555 2794 698 2838 habeb
738 2808 761 2839 c
811 2792 929 2850 Περὶ
971 2790 1120 2866 μύλης
1153 2790 1345 2845 παθους
1387 2770 1442 2838 ἐν
1471 2790 1623 2851 μήτρα
1654 2789 1747 2841 ὑπό,
1780 2809 1920 2838 τινων

232 2854 403 2911 υδερος
432 2850 737 2911 νομιζόμενος
769 2853 1060 2910 (sic>.17
1092 2848 1121 2910 ἢ
1155 2867 1244 2900 om.
1277 2867 1301 2898 c
1333 2852 1456 2909 (add.
1491 2851 1562 2909 D).
1689 2857 1741 2897 18
1775 2848 1922 2909 ἐπιγι-
