2014 3162
767 143 1124 196 „33-

101 280 336 347 parvulus
357 279 706 330 accedentibus
730 279 905 328 diebus
931 286 981 329 et
1004 278 1256 328 mensibus
1278 279 1530 347 solidatur,
1555 283 1624 330 sic
1644 283 1791 332 etiam

102 354 287 405 solidos
339 354 492 405 cibos,
583 369 675 403 nec
730 353 983 403 conditum
1039 354 1200 418 primo
1247 352 1382 402 bibat
1427 361 1477 403 et
1524 356 1595 404 sic
1642 357 1791 405 etiam

101 429 270 478 vinum
317 427 582 493 subiungat
633 442 780 492 quam
826 429 983 492 possit
1030 427 1191 476 infans
1243 428 1349 476 sine
1389 426 1601 476 laesione
1643 430 1790 478 etiam

100 501 280 551 horum
319 502 645 567 digestionem
682 501 922 567 perferre.

212 572 297 627 91.
340 575 596 634 Quomodo
636 574 760 624 dicis
792 577 844 623 in
893 575 1137 640 principio
1176 574 1414 623 infantem
1455 574 1578 623 male
1618 577 1788 640 accipi,
1813 586 1833 620 5

102 647 294 699 scilicet
333 651 375 699 si
415 651 583 699 nutrix
625 650 732 698 eius
770 650 936 698 vinum
970 647 1179 697 multum
1217 647 1365 714 bibat,
1405 663 1518 697 cum
1550 655 1624 698 tot
1655 664 1816 704 men·-

102 721 239 772 sibus
278 730 435 773 matre
476 738 565 773 sua
604 722 804 772 bibente
846 737 945 771 non
985 723 1049 771 sit
1088 721 1212 771 male
1254 719 1524 787 acceptus?

213 799 445 861 quoniam
486 812 600 846 cum
637 799 689 845 in
728 803 871 846 utero
913 802 1045 845 esset
1084 795 1142 844 ad
1182 796 1527 860 perferendam
1559 796 1789 861 digestio-

101 884 215 919 nem
261 877 420 920 mater
468 872 575 920 eius
622 870 785 919 officio
839 868 1092 919 laborabat
1139 876 1188 918 et
1235 871 1307 918 sic
1347 871 1392 918 ei
1431 869 1678 934 digestum
1716 870 1789 920 lac

100 944 490 1010 transmittebat,
537 944 680 994 modo
732 959 849 993 vero
890 943 949 992 ad
990 942 1315 992 substantiam
1354 959 1493 993 suam
1534 950 1789 1009 separatus
1815 957 1856 990 10

101 1031 202 1066 non
250 1018 500 1082 praevalet
539 1018 596 1067 ad
645 1017 941 1084 perferenda
981 1032 1105 1082 quae
1147 1017 1460 1066 difficillimae
1501 1017 1790 1082 digestionis

101 1097 232 1140 sunt.
288 1093 360 1142 sic
400 1093 532 1141 enim
572 1099 621 1141 et
659 1091 929 1157 malleolus,
971 1106 1118 1156 quam
1157 1091 1240 1140 diu
1280 1093 1331 1140 in
1367 1093 1572 1140 matrice
1599 1091 1791 1142 arboris

59 1192 65 1196 ν
100 1170 177 1214 est
214 1167 422 1233 posituS‚
463 1173 514 1216 et
553 1172 748 1216 exortas
789 1167 1001 1215 sustinet
1040 1171 1374 1230 tempestateS‚
1420 1181 1534 1215 cum
1565 1180 1682 1214 vero
1716 1181 1787 1214 se·

99 1246 300 1303 paratus
349 1241 500 1289 fuerit
546 1239 605 1289 ab
656 1239 832 1288 arbore
885 1246 934 1288 et
979 1239 1037 1288 ad
1088 1238 1411 1288 substantiam
1461 1255 1599 1289 suam
1656 1239 1789 1289 solus
1862 1241 1881 1259 ’

101 1311 252 1362 fuerit
290 1315 506 1379 posituS,
558 1313 676 1363 licet
715 1313 907 1363 modico
957 1319 1103 1362 vento
1143 1313 1292 1362 flante
1333 1319 1536 1363 vexatur
1576 1320 1625 1363 et
1664 1313 1788 1363 male
1814 1325 1856 1358 15

103 1388 359 1451 accipitur.

212 1457 298 1510 92.
339 1459 474 1517 Quae
515 1467 634 1510 sunt
673 1462 908 1510 exercitia
947 1475 1071 1525 quae
1112 1461 1221 1509 fieri
1258 1468 1468 1525 possunt
1507 1457 1726 1510 nutrici‘?

213 1533 402 1584 scilicet
457 1536 498 1583 si
545 1536 592 1583 ei
650 1534 747 1600 pila
792 1533 991 1584 ludatur
1038 1541 1123 1583 aut
1170 1549 1284 1584 cum
1330 1533 1568 1584 alteribus
1615 1549 1789 1584 manus

223 1637 245 1675 1
280 1631 540 1676 solidantur
571 1633 634 1676 bl.
727 1637 753 1676 2
787 1631 954 1689 (cibos)
980 1631 1192 1688 accipere
1223 1630 1422 1689 incipiat
1453 1633 1557 1677 add.
1584 1632 1612 1676 l.
1706 1646 1790 1676 nec

102 1689 150 1734 b:
189 1703 247 1734 ne
280 1691 296 1734 l
338 1691 438 1747 (ubi
474 1692 541 1735 sic
569 1704 629 1735 ne
662 1691 903 1736 conditum
932 1691 1062 1748 prius
1092 1691 1238 1736 bibat.
1302 1691 1383 1735 sed
1413 1690 1589 1736 vinum.
1646 1692 1694 1735 et
1725 1692 1790 1736 sic

101 1747 246 1793 etiam
285 1748 522 1794 conditum
564 1750 828 1807 subiungat.
875 1751 974 1795 sim.
1002 1749 1132 1795 Cant.
1165 1764 1280 1807 qnae
1310 1764 1366 1794 ex
1397 1755 1653 1795 correctura
1683 1751 1791 1805 ficta

99 1820 189 1852 esse
205 1809 328 1853 docet
347 1808 446 1854 Sor.
457 1813 626 1864 p.149,
637 1813 696 1864 3).
788 1808 942 1866 primo
959 1811 1006 1854 b:
1031 1809 1160 1866 prius
1186 1811 1213 1853 l.
1307 1815 1332 1854 3
1359 1823 1499 1866 quam
1516 1809 1666 1866 possit
1689 1823 1787 1867 eqo:

98 1865 195 1910 iam
225 1868 375 1924 primo
407 1869 432 1913 b
466 1869 604 1924 (unde
635 1870 651 1912 l
673 1869 804 1913 habet
833 1870 900 1913 sic
923 1868 1021 1912 Iam
1045 1866 1176 1925 prius
1199 1868 1281 1912 inf.
1301 1883 1334 1913 s,
1352 1868 1382 1912 1.
1402 1870 1484 1912 est.
1509 1883 1592 1926 per
1615 1869 1703 1927 hcc
1730 1872 1789 1913 asi

98 1924 410 1981 indigestione
433 1927 586 1985 pferre
610 1928 767 1984 potest
790 1932 830 1972 et
854 1928 983 1986 lonye
1007 1929 1273 1972 aberrantia
1296 1928 1431 1972 etiam
1454 1928 1514 1984 h).
1608 1931 1633 1971 5
1668 1927 1790 1981 Quo-

98 1985 239 2030 modo
257 1998 368 2043 ergo
374 1986 441 2045 sss]
452 1986 629 2030 infante
654 1988 736 2042 (sic
751 1987 862 2031 med.
881 2000 1005 2032 nunc
1021 1987 1247 2039 extinctis)
1274 1988 1289 2030 l
1314 1987 1438 2043 (haec
1455 1987 1590 2031 libere
1612 1991 1790 2032 mutata

99 2043 153 2087 in
182 2044 242 2101 h).
363 2045 513 2090 male:
546 2046 698 2089 amale
733 2047 832 2102 (sic)
865 2047 905 2091 b.
1042 2049 1069 2089 8
1102 2045 1322 2102 quoniam
1354 2059 1454 2102 eqo:
1489 2060 1578 2102 que
1610 2060 1717 2090 nam
1749 2046 1789 2101 b,

100 2100 222 2147 Nam
254 2105 270 2148 Z
301 2104 476 2160 (Infans
508 2118 708 2160 namque
740 2109 818 2149 etc.
852 2106 913 2161 h).
1046 2107 1186 2162 preffl
1214 2106 1262 2161 b,
1295 2119 1378 2164 pre
1412 2105 1692 2162 Dferendam
1724 2106 1787 2149 bl.

219 2167 246 2206 9
277 2166 449 2208 mater:
482 2164 652 2208 matrix
684 2165 747 2208 bl.
895 2163 1051 2209 officia
1081 2163 1318 2208 laboraret
1349 2166 1412 2210 bl.
1552 2169 1606 2207 10
1638 2165 1790 2207 trans-

98 2221 316 2266 mutabat
346 2223 386 2268 b.
508 2223 568 2267 ad
601 2223 864 2267 substantia
898 2229 985 2267 sua
1016 2224 1234 2280 separato
1267 2224 1307 2278 b,
1355 2238 1383 2267 a
1414 2238 1447 2267 s.
1481 2239 1514 2267 s.
1547 2224 1790 2280 reparatur

101 2279 118 2324 1
148 2279 264 2336 (Sor.
300 2285 403 2337 149,
427 2284 520 2339 16).
661 2287 712 2326 11
759 2282 1050 2339 pdifferenda
1081 2283 1128 2338 b,
1174 2282 1450 2339 preferenda
1482 2284 1508 2326 l.
1636 2287 1689 2326 12
1723 2283 1788 2326 sic

100 2339 224 2383 enim
256 2341 304 2384 et
333 2341 552 2386 maliolus
585 2343 634 2386 b:
668 2341 798 2386 Sicut
837 2347 915 2386 eni
946 2342 1235 2386 ramusculus
1266 2341 1444 2386 arboris
1477 2345 1534 2385 01⁶1
1566 2340 1789 2386 malliolis

40 2438 43 2439 γ
103 2397 198 2442 suis
237 2400 254 2442 l
301 2399 441 2456 (sicut
473 2400 596 2445 enim
627 2401 882 2446 ramusculi
912 2402 972 2457 h).
1123 2401 1174 2444 in
1204 2400 1399 2445 matrice
1433 2399 1612 2444 arboris
1646 2401 1692 2444 b:
1740 2400 1790 2444 in

103 2456 362 2514 eademque
395 2472 479 2503 sua
510 2460 675 2504 arbore
708 2462 736 2506 l.
861 2465 915 2504 13
949 2461 1020 2504 est
1051 2461 1084 2504 Z:
1133 2464 1216 2505 ,θ-ἑ.
1251 2461 1387 2516 (esse)
1422 2461 1462 2506 b.
1585 2461 1631 2504 et
1662 2473 1788 2504 exor-

98 2515 195 2561 tas:
241 2519 290 2562 et
338 2520 520 2563 exertas
553 2520 655 2574 (sic)
702 2533 735 2563 S.
777 2520 811 2564 t.
860 2520 911 2574 b,
965 2532 1152 2564 necesse
1185 2522 1257 2563 est
1288 2521 1342 2563 ut
1373 2519 1599 2564 exercitus
1630 2533 1663 2562 s.
1689 2522 1723 2562 t.
1758 2520 1787 2562 ἶ.

194 2580 252 2620 14
282 2578 344 2621 ad
376 2592 410 2621 s.
446 2591 530 2622 sua
561 2578 586 2622 b
620 2575 755 2634 (πρὸς
787 2576 914 2622 ἰδίαν
943 2574 1204 2622 ὑπόστασιν
1237 2578 1337 2623 Sor.
1370 2581 1474 2632 150,
1499 2580 1559 2635 5).
1683 2579 1730 2621 et
1762 2591 1789 2621 a

47 2678 51 2680 .
103 2647 138 2679 s.
171 2647 206 2678 s.
240 2637 288 2679 et
316 2635 458 2681 fuerit
487 2636 687 2682 insertus
718 2636 768 2681 in
801 2638 895 2682 alia
927 2637 1091 2681 arbore
1122 2638 1235 2682 licet
1265 2641 1341 2682 etc.
1384 2639 1410 2681 l.
1566 2641 1619 2680 16
1654 2636 1789 2692 (acci-

100 2691 245 2751 pitur)
277 2695 346 2740 ita
378 2696 433 2747 et,
455 2694 612 2740 infans
645 2697 734 2740 erit
765 2698 871 2742 add.
904 2698 931 2741 l.
1058 2701 1110 2741 17
1144 2695 1333 2741 nutrici:
1366 2695 1535 2740 infanti
1568 2696 1667 2751 (sic)
1702 2696 1788 2739 blh

103 2751 170 2816 (ἰῶ
201 2757 264 2798 est
293 2754 346 2797 in
376 2755 557 2808 infante
589 2756 803 2800 lactando
833 2757 1010 2801 nutrici
1041 2755 1138 2802 Sor.
1175 2758 1278 2810 145,
1303 2757 1364 2812 9).
1512 2758 1564 2798 18
1600 2753 1787 2798 Scilicet

104 2822 145 2852 si
176 2810 220 2854 ei
249 2811 348 2868 pila
378 2813 595 2857 laudatur
626 2815 673 2858 b:
729 2815 783 2859 In
820 2814 983 2872 primis
1012 2818 1066 2860 ut
1098 2815 1164 2859 eis
1199 2818 1320 2871 (eum
1351 2815 1397 2869 h)
1430 2813 1489 2856 ad
1519 2813 1640 2870 pilas
1673 2812 1787 2868 (pila

102 2867 149 2923 h)
182 2869 370 2918 ludatur
401 2873 465 2915 lh.
586 2877 729 2918 mansi
761 2875 800 2919 b.

195 2950 372 2996 Soranus,
396 2953 455 2987 ed.
477 2954 589 2987 Rose.
1495 2950 1519 2988 3
