2014 3162
729 115 1134 170 —251—

87 255 246 318 ζομεν.
319 246 377 301 τὰ
421 245 515 317 γὰρ
553 249 811 302 ε’πικαέντα
849 252 1177 317 περιωδυνίας
1214 251 1295 302 καὶ
1334 250 1611 320 φλεγμονὰς
1649 269 1770 318 σφο-

83 330 206 399 δρας
257 327 502 397 ὑπομένει.
580 328 645 397 μὴ
701 331 1001 400 ἕξῃρημένου
1049 330 1103 382 δὲ
1155 336 1242 384 τοῦ
1288 335 1456 399 χορίου
1506 330 1627 384 κατὰ
1679 332 1770 386 δύο

84 411 268 483 τόπους
313 409 653 480 ἆποβροχίζειν
705 414 787 464 δεῖ
815 410 901 465 τὸν
940 409 1155 480 οὗραχὸν
1191 413 1275 464 καὶ
1312 410 1416 465 τότε
1455 412 1629 479 μεταξύ
1669 417 1770 465 δια-

79 492 306 559 κόπτειν,
351 495 435 544 ἵνα
476 491 559 545 διὰ
606 493 696 561 μὲν
741 499 828 546 τοῦ
875 493 1039 561 ἑτέρου
1079 491 1262 562 βρόχου
1300 491 1390 561 τὴν
1427 499 1514 547 τοῦ
1552 495 1770 562 βρέφους

50 607 54 612 ·
82 577 408 643 αἱμορραγίαν
445 572 897 641 προφυλαξώμεθα,
938 572 1020 626 διὰ
1056 574 1110 626 δὲ
1146 575 1361 643 θατέρου
1399 572 1489 642 τὴν
1526 580 1611 643 τῆς
1649 573 1768 628 ἆπο-
1794 596 1815 629 5

85 658 396 724 κεκυηκυίας.
458 657 525 708 ἔτι
563 654 656 724 γὰρ
695 653 817 725 αὐτῇ
856 656 1138 724 προσέχεται
1174 654 1227 709 τὸ
1267 654 1451 725 χόριον.

321 821 539 869 XXVIII
578 822 714 880 Πῶς
751 815 1168 885 ἆποσμηκτέον
1206 816 1265 871 τὸ
1306 818 1539 885 βρέφος.

195 941 281 988 81.
319 933 465 988 Μετὰ
501 935 555 987 δὲ
586 933 676 1003 τήν
707 933 1076 1002 ὅμφαλοτομίαν
1099 938 1151 988 οἷ
1169 937 1340 988 πολλοὶ
1363 942 1460 988 τῶν
1483 935 1773 1005 βαρβάρων,

83 1013 148 1079 ὦς
194 1019 246 1070 οἵ
278 1018 522 1085 Γερμανοὶ
567 1017 651 1068 καὶ
688 1015 914 1082 Σκύθαι,
967 1016 1095 1079 τινὲς
1142 1017 1195 1068 δὲ
1243 1017 1326 1068 καὶ
1375 1022 1471 1069 τῶν
1502 1014 1771 1084 Ἑλλήνων,

84 1100 152 1161 εἷς
198 1096 396 1167 ψυχρὸν
441 1096 579 1166 ὕδωρ
624 1103 830 1150 καθιᾶσι
874 1094 926 1151 τὸ
967 1098 1152 1166 βρέφος
1191 1094 1595 1166 στερεοποιήσεως
1633 1097 1774 1167 χάριν
1800 1119 1841 1151 10

84 1180 168 1231 καὶ
213 1185 300 1232 τοῦ
338 1177 390 1232 τὸ
432 1178 496 1247 μὴ
537 1179 693 1247 φέρον
730 1177 821 1246 τὴν
858 1182 1012 1246 ψῦξιν
1051 1177 1172 1232 ἀλλὰ
1209 1177 1533 1246 πελιούμενον
1571 1176 1603 1247 ἢ
1644 1178 1775 1232 σπώ-

82 1281 231 1327 μενον
286 1257 351 1323 ὧς
405 1258 497 1314 οὐκ
550 1259 690 1324 ἄξιον
744 1261 984 1328 ἐκτροφῆς
1037 1258 1097 1312 ὂν
1151 1259 1439 1314 ἀπολέσθαι.
1538 1261 1666 1323 τινὲςΥ
1722 1262 1774 1313 δὲ

83 1339 316 1411 οἰνάλμῃ,
368 1341 495 1403 τινὲς
543 1342 596 1394 δὲ
642 1347 850 1413 καθαρῷ
896 1339 1130 1395 λούουσιν
1176 1344 1320 1412 οἴνῳ,
1367 1342 1493 1406 τινὲς
1543 1343 1595 1395 δὲ
1642 1342 1773 1413 οὔρῳ

22 1484 27 1488 ,
82 1419 260 1484 παιδὸς
315 1418 578 1490 ἆφθόρου,
633 1422 759 1485 τινὲς
813 1422 866 1475 δὲ
920 1425 1130 1493 μυρσίνῃ
1184 1429 1330 1496 λεπτῇ
1387 1424 1770 1494 συμπεπασμένῃ

81 1500 114 1571 ἢ
161 1507 339 1572 κηκῖδι.
427 1526 612 1557 τουτων
659 1504 713 1556 δὲ
759 1504 961 1558 ἕκαστον
1005 1501 1146 1572 ἡμεῖς
1194 1501 1632 1572 ἆποὸοκιμαζομεν
1717 1504 1768 1559 τὸ
1796 1523 1835 1556 15

83 1583 283 1654 ψυχρον
328 1585 419 1654 μὲν
464 1585 557 1655 γὰρ
604 1583 687 1638 δια
733 1583 823 1653 τὴν
875 1583 1062 1652 πολλὴν
1115 1586 1199 1637 καὶ
1251 1583 1448 1654 ἆθρόαν
1501 1585 1774 1652 πύκνωσιν,

81 1661 143 1735 ἧς
180 1665 416 1736 ἀμέτοχον
461 1670 527 1735 ἠν
570 1665 623 1720 τὸ
662 1667 932 1736 γεννηθέν,
982 1687 1179 1729 παντως
1217 1665 1432 1735 βλαπτει.
1505 1672 1592 1734 τῆς
1633 1667 1686 1719 δὲ
1726 1668 1774 1730 ἐξ

83 1748 235 1803 αὐτοῦ
275 1748 465 1818 βλαβης
502 1746 554 1802 τὸ
594 1746 898 1816 ἀποτέλεσμα
936 1746 1177 1801 λανθάνει
1214 1748 1303 1815 μὲν
1340 1749 1419 1800 ἐπὶ
1456 1753 1552 1801 τῶν
1589 1751 1775 1800 δυσπα-

84 1831 346 1899 θεστέρων,
385 1830 620 1900 ἐλέγχεται
660 1829 714 1882 δὲ
753 1831 832 1882 ἐπὶ
862 1835 960 1882 τῶν
995 1828 1235 1882 εὐπαθῶν
1267 1835 1507 1895 σπασμοΐς
1536 1829 1619 1880 καὶ
1650 1827 1772 1882 ἆπο-

83 1914 307 1979 πληξίαις
338 1909 684 1978 ἁλισκομένων.
737 1909 797 1964 οὗ
830 1909 929 1979 μὴν
959 1912 1060 1964 ἐπεὶ
1093 1909 1183 1979 τὴν
1218 1909 1413 2012 βλαβην
1456 1908 1548 1963 οὔκ
1578 1931 1768 1979 ηνεγκε,
1798 1931 1839 1963 20

84 1996 224 2060 ζῆσαι
277 1989 343 2059 μὴ
399 1991 640 2060 βλαβέντα
694 2013 785 2045 ουκ
838 1991 1072 2061 ἠδύνατο.
1157 1993 1239 2044 καὶ
1291 2013 1350 2044 τα
1401 1992 1771 2060 δυσπαθέστερα

84 2076 252 2142 βελτίω
291 2070 381 2140 τὴν
419 2067 709 2141 ανατροφὴν
747 2073 842 2136 εξει
879 2071 995 2141 μηδ’
1049 2071 1174 2136 ολως
1212 2071 1526 2141 ἆδικουμενα.
1603 2094 1699 2125 καν
1735 2076 1768 2145 ῇ

87 2153 141 2206 δὲ
179 2157 313 2223 χρεία
350 2152 575 2221 ψυξεως,
615 2150 863 2222 αυτοῖρκης
899 2152 931 2222 ἡ
971 2155 1051 2207 ἐπὶ
1088 2160 1175 2208 τοῦ
1214 2152 1357 2223 ἆέρος
1394 2156 1560 2220 ψῦξις,
1600 2151 1666 2206 δι’
1709 2151 1775 2220 ’ἢν

86 2233 275 2298 εὐθέως
317 2238 669 2305 κλαυθμυρίζει
716 2239 1091 2298 ξενοπαθοῦντα
1136 2241 1194 2306 τῇ
1240 2233 1389 2303 ψυξει
1437 2232 1518 2286 δια
1567 2231 1620 2287 τὸ
1673 2232 1773 2301 μὴν

84 2314 182 2370 ἀπὸ
219 2323 410 2386 θερμῆς
447 2318 530 2369 καὶ
568 2323 804 2386 συνεχοῦς
842 2317 1234 2385 προεληλυθέναι
1271 2323 1357 2384 τῆς
1396 2311 1594 2384 μήτρας.
1650 2313 1676 2368 ὃ
1718 2316 1770 2368 δὲ
1795 2335 1838 2370 25

204 2453 231 2492 5
262 2464 318 2504 τη
321 2464 348 2491 ν
379 2447 442 2492 D:
475 2444 560 2492 τὸν
593 2462 631 2492 c.
754 2453 778 2492 7
812 2447 1003 2492 titulum
1034 2448 1158 2492 huno
1187 2447 1287 2504 ipse
1318 2445 1467 2504 posui,
1531 2460 1636 2491 cum
1666 2446 1716 2490 in
1747 2459 1772 2490 ο

15 2555 19 2559 ,
83 2505 206 2552 infra
236 2507 425 2551 demum
454 2509 563 2564 post
593 2507 736 2551 verba
767 2503 933 2563 διόπερ
964 2507 1049 2551 τοῦ
1081 2503 1332 2564 ἆλισμοῦ..
1351 2541 1361 2552 .
1395 2505 1682 2562 adscriptum
1714 2504 1775 2549 sit

88 2564 198 2620 περὶ
227 2561 440 2636 ἆλισμοῦ.
541 2570 568 2610 8
602 2564 668 2610 of:
701 2561 727 2611 ὃ
761 2566 861 2623 (sio)
895 2580 932 2611 ο.
1028 2571 1081 2610 11
1115 2565 1196 2610 καὶ
1227 2566 1310 2610 τοῦ
1344 2563 1398 2609 τὸ
1431 2581 1477 2622 μ.
1509 2563 1656 2635 (ΕΞ-ΛΡ.
1676 2565 1773 2638 36):

88 2623 170 2667 καὶ
199 2621 252 2668 τὸ
285 2641 330 2682 μ.
364 2640 401 2670 ο.
554 2625 722 2697 φέρειν
755 2640 778 2670 c
813 2627 946 2682 (corr.
981 2625 1055 2680 D).
1240 2629 1292 2669 12
1327 2620 1561 2696 ἐκτροφῆς
1593 2639 1669 2668 ονε
1719 2639 1772 2667 εκ

85 2679 355 2754 τροφήσεως
386 2698 425 2729 c.
550 2689 604 2728 15
636 2678 665 2740 ἢ
700 2689 1032 2729 om.e.17
1065 2677 1124 2741 ἦν
1149 2683 1228 2741 (Ε2
1251 2699 1296 2741 p.
1315 2686 1411 2737 37)·
1442 2678 1471 2739 ἢ
1498 2697 1537 2727 ο.
1657 2678 1773 2725 πάν-

85 2757 195 2792 τως;
226 2758 383 2786 παντα
415 2757 453 2789 ο.
607 2748 660 2788 19
696 2740 775 2788 ἐπὶ
804 2744 866 2787 E:
899 2739 992 2788 υπὸ
1026 2758 1065 2788 ο.
1187 2747 1244 2787 20
1278 2739 1382 2788 ἐπεὶ
1366 2741 1471 2787 ὶΕ.
1507 2738 1585 2785 ἐπὶ
1617 2755 1654 2786 c.

86 2799 353 2918 Ξ1((Ῡλ1αβέν
381 2815 405 2846 ο
437 2803 569 2860 (corr.
603 2803 673 2860 E).
811 2807 867 2848 22
900 2800 1139 2860 μηδεόλως
1171 2803 1330 2858 (sic)c
1473 2806 1530 2845 24
1561 2796 1675 2857 μὴν;
1708 2795 1769 2856 μὴ

196 2873 220 2904 e
