2014 3162
746 125 1145 179 -305—

93 256 236 327 τύχοι
281 257 526 326 σύλληψιν
571 264 802 327 παρεῖναι
846 260 931 311 καὶ
967 256 1135 321 πάθος
1172 263 1270 312 τῶν
1307 258 1560 313 εἰωθότων
1600 262 1785 329 ἐπέχειν

96 338 154 394 τὸ
193 340 413 408 ἔμμηνον
421 377 436 406 ,
475 339 868 403 ἐπισυντιθέντες
905 338 991 403 τὰς
1030 337 1314 408 σημειώσεις
1351 340 1786 409 καταλαμβάνομεν

95 419 172 475 ὅτι
209 418 271 474 ού
309 418 376 489 μὴ
415 426 482 493 τῷ
518 426 606 474 τοῦ
644 419 845 484 πάθους
883 418 1010 490 λόγῳ
1042 421 1244 489 γέγονεν
1273 416 1305 487 ἡ
1338 419 1504 488 ἐποχή.
1553 419 1649 474 κᾶν
1681 426 1784 475 δια-

96 500 234 572 λάθῃ
274 502 353 568 δέ,
407 499 650 570 βλαβερὸν
689 500 857 568 οὐδέν,
911 502 1013 554 ἐπεὶ
1053 501 1209 570 μηδὲν
1248 501 1500 569 ἐξαιρέτως
1537 501 1659 571 πρὸς
1695 502 1787 570 τὴν

94 581 286 651 ἐποχὴν
323 588 421 636 τῶν
460 581 693 680 ἐμμήνων
730 581 1019 651 πράττομεν,
1074 583 1124 645 ἐξ
1164 580 1364 644 εὐθείας
1402 582 1457 635 δὲ
1495 600 1660 635 πασαν
1698 582 1788 651 τὴν
1812 606 1831 637 5

93 660 428 733 υποκειμένην
474 662 625 718 νόσον
674 662 1070 732 ἆνασκευάζομεν
1125 665 1215 716 εἴτε
1262 663 1418 731 ἐπέχει
1465 661 1518 716 τὸ
1569 664 1788 731 ἔμμηνον

96 747 190 797 εἴτε
228 746 311 797 καὶ
351 743 433 813 μή.

216 832 262 879 9.
301 824 386 889 τὰς
417 825 506 893 μὲν
537 819 629 878 οὗν
662 828 773 893 δίχα
803 823 1003 888 πάθους
1026 823 1092 892 μὴ
1119 825 1483 892 καθαιρομένας
1509 822 1574 877 δι’
1595 822 1790 892 ἡλικίαν

95 911 322 972 φυσικῶς
354 904 414 958 οὗ
439 908 521 958 δεῖ
537 903 847 972 θεραπεύειν.
887 904 1036 958 οὐδὲν
1059 903 1152 975 γὰρ
1176 906 1505 973 ἐνοχλοῦνται,
1529 907 1611 958 καὶ
1634 906 1790 969 ἄλλως

94 991 388 1055 μεταθεῖναι
418 985 573 1053 φύσιν
601 983 634 1053 ἢ
667 985 918 1040 ἀδύνατον
946 983 978 1054 ἢ
1012 984 1072 1039 οὐ
1103 984 1294 1057 ῥᾴδιον,
1333 985 1442 1038 ἔσθ’
1472 985 1599 1040 ’ὅπου
1632 987 1790 1040 δὲκαὶ
1818 1010 1858 1041 10

98 1068 377 1135 ἐπισφαλές.
428 1070 472 1120 εἰ
492 1066 586 1137 γάρ
609 1066 906 1136 ἠναντίωται
936 1072 1002 1139 τῷ
1034 1065 1154 1120 κατὰ
1188 1065 1343 1134 φύσιν
1373 1066 1425 1120 τὸ
1457 1066 1590 1136 παρὰ
1622 1067 1792 1135 φύσιν,

96 1146 293 1218 ἀνάγκη
345 1147 398 1202 τὸ
450 1147 574 1201 κατὰ
625 1147 780 1216 φύσιν
827 1147 1322 1217 μεταλαμβανόμενον
1369 1150 1437 1212 εἰς
1474 1147 1527 1203 τὸ
1567 1150 1792 1204 ἐναντίον

96 1230 333 1299 γενέσθαι
382 1229 520 1299 παρὰ
558 1228 727 1297 φύσιν.
803 1228 889 1293 τὰς
928 1229 983 1281 δὲ
1023 1228 1106 1282 διὰ
1145 1227 1481 1299 γυμναστικὴν
1519 1227 1722 1300 ἀγωγὴν
1761 1229 1791 1298 ἢ

98 1309 448 1379 ἀναφωνήσεις
502 1309 736 1373 εὗτόνους
790 1309 856 1379 μὴ
911 1311 1278 1378 καθαιρομένας
1335 1307 1453 1363 οὐδὲ
1506 1309 1659 1374 αὐτὰς
1720 1315 1801 1364 δεῖ

98 1389 400 1459 θεραπεύειν
438 1390 520 1444 ἅτε
559 1392 715 1460 μηδὲν
753 1391 920 1454 πάθος
959 1390 1176 1459 ἐχούσας.
1247 1395 1291 1444 εἰ
1329 1389 1375 1443 δ’
1419 1392 1563 1444 ἕνεκα
1598 1398 1685 1445 τοῦ
1724 1390 1790 1460 μὴ
1818 1412 1859 1446 15

102 1471 465 1540 συλλαμβάνειν
504 1474 774 1541 ἐπιζητοῖεν
812 1471 902 1540 τὴν
938 1470 1204 1541 κάθαρσιν,
1243 1471 1611 1542 τρυφερώτερον
1643 1471 1794 1536 αὐτὰς

100 1550 277 1605 ἆκτέον
315 1552 420 1606 κατ’
465 1555 715 1607 ἐπίστασιν
753 1560 840 1607 τοῦ
879 1553 1159 1622 ἕμπράκτου
1199 1560 1284 1621 τῆς
1324 1556 1536 1620 διαίτης,
1575 1555 1658 1606 ἵνα
1697 1552 1795 1621 μὴν

103 1631 350 1702 θηλύτερα
384 1656 442 1687 τα
478 1653 674 1703 σωματα
709 1636 918 1704 γένηται.
965 1634 1050 1698 τὰς
1083 1635 1137 1687 δὲ
1176 1633 1259 1688 διά
1296 1656 1340 1686 τι
1377 1633 1544 1697 πάθος
1575 1633 1642 1702 μὴ
1674 1642 1795 1687 καθ-

103 1714 369 1816 αιρομὲνας
407 1713 699 1779 ἀκολούθως
737 1722 803 1789 τῷ
841 1714 1128 1784 πεποιηκότι
1165 1714 1318 1768 πάθει
1357 1714 1448 1783 τὴν
1478 1713 1664 1783 ε’ποχὴν
1701 1722 1796 1769 τῶν

109 1794 342 1864 εμμήνων
385 1798 734 1865 θεραπευτέον,
781 1796 1131 1865 περικόπτοντα
1177 1797 1267 1864 μὲν
1313 1794 1399 1850 τὸν
1437 1793 1595 1863 υμένα
1631 1793 1663 1863 ἢ
1703 1795 1795 1864 τὴν
1819 1819 1860 1851 20

104 1875 263 1944 σάρκα
302 1879 381 1930 ἐπὶ
410 1884 508 1931 τῶν
539 1877 778 1947 ατρήτων,
811 1876 1122 1946 μαλάσσοντα
1154 1878 1208 1930 δὲ
1241 1878 1325 1930 καὶ
1354 1880 1797 1946 μετασυγκρίνοντα

101 1955 194 2024 τὴν
231 1956 553 2026 περιτύλωσιν
591 1960 673 2012 καὶ
712 1956 798 2012 τὸν
838 1961 1053 2027 σκίρρον,
1100 1963 1322 2028 χαλῶντα
1361 1957 1415 2011 δὲ
1453 1964 1796 2028 παρηγορικῶς

103 2037 196 2107 τὴν
234 2038 543 2109 φλεγμονήν,
581 2037 879 2092 λεπτύνοντα
918 2040 973 2092 δὲ
1013 2037 1079 2103 ὦς
1117 2041 1215 2093 ἔστι
1251 2038 1344 2107 τὴν
1382 2037 1561 2106 οὖλῆν,
1601 2037 1797 2092 ἀνιέντα

105 2120 162 2173 δὲ
199 2119 285 2183 τὰς
324 2119 492 2189 μύσεις
530 2121 612 2173 καὶ
649 2123 997 2189 παρεγκλίσεις,
1036 2118 1450 2188 ἀναλαμβάνοντα
1481 2119 1535 2172 δὲ
1567 2121 1650 2171 καὶ
1681 2136 1797 2186 σαρ-

108 2206 293 2255 κοῢντα
338 2199 424 2264 τὰς
461 2199 630 2269 ἰσχνὰς
667 2202 750 2253 καὶ
788 2199 1060 2269 ἀτρόφους,
1100 2199 1459 2270 μεταβάλλοντα
1497 2199 1551 2252 δὲ
1588 2197 1674 2261 τὰς
1713 2221 1794 2251 κα·
1817 2220 1861 2254 25

105 2285 266 2350 χεξίας
305 2283 386 2334 καὶ
424 2280 516 2349 τὴν
553 2280 764 2350 πιμελὴν
801 2287 1163 2350 καθαιροῦντα,
1217 2282 1301 2334 καὶ
1339 2279 1548 2334 λούοντα
1586 2280 1676 2347 μὲν
1713 2278 1798 2344 τὰς

105 2362 469 2431 πυρεσσούσας,
525 2361 931 2416 ἆνασκευάσαντα
976 2363 1031 2416 δὲ
1068 2368 1171 2415 πᾶν
1210 2361 1502 2431 ἀρρώστημα
1539 2358 1572 2428 ἢ
1611 2360 1727 2414 νέον
1764 2358 1796 2428 ἢ

106 2443 322 2512 χρόνιον,
361 2446 442 2496 καὶ
481 2443 566 2508 τὰς
606 2445 694 2512 μὲν
733 2447 1052 2512 αἰμορροίδας
1090 2446 1315 2512 αἴροντα,
1355 2441 1705 2496 ἆναστέλλοντα
1745 2444 1798 2495 δὲ

230 2630 253 2668 1
270 2620 447 2696 ἐπεχει
479 2640 503 2670 c
535 2627 669 2696 (corr.
700 2625 771 2682 E).
904 2629 931 2668 3
965 2618 1037 2668 ότι
1067 2618 1092 2668 ὃ
1125 2640 1157 2681 μ
1221 2620 1273 2668 τὸ
1308 2637 1332 2668 c
1364 2618 1455 2680 (ὅτι
1487 2619 1548 2680 μὴ
1581 2624 1643 2681 τῷ
1676 2623 1798 2679 DE).

170 2687 196 2727 9
231 2679 287 2727 οὖ
320 2685 530 2739 φυσικῶς
561 2681 618 2728 οὗ
653 2698 677 2729 c
712 2685 844 2740 (corr.
877 2683 947 2739 Ε).
1102 2640 1437 2727 ΙΞναντίωται
1470 2687 1685 2727 c.12
1718 2697 1799 2754 με·

108 2737 459 2799 ταβαλλόμενον
490 2744 540 2787 Ε.
667 2748 720 2788 15
753 2741 903 2800 μηδὲν
934 2743 993 2786 Ε·
1026 2739 1147 2799 μὴδε
1181 2756 1219 2787 c
1340 2736 1509 2815 ᾗδέναι
1539 2737 1646 2786 κατ’
1681 2739 1797 2810 ουμὲ

110 2815 151 2845 σ.
184 2814 208 2845 c
242 2802 374 2871 (corr.
394 2800 463 2858 Ε).
588 2806 642 2846 17
676 2798 891 2847 ἐπίτασιν
923 2816 946 2846 c
980 2802 1114 2858 (corr.
1131 2800 1205 2857 E).
1295 2798 1390 2859 μὴν
1423 2799 1527 2857 (μεν
1558 2799 1637 2856 E):
1671 2795 1732 2857 μὴ
1760 2812 1796 2843 c.

171 2863 228 2903 23
261 2876 324 2910 ως
355 2857 491 2904 ἔστι·
477 2882 532 2898 --
556 2862 608 2905 in
638 2865 860 2918 qua-ntum
885 2865 1035 2918 potest
1065 2861 1146 2905 lat.

204 2940 602 2983 Soranus,ed.13.ose.
1478 2936 1534 2976 20
