2014 3162
873 82 1268 136 —236—

226 213 432 281 θήσεται
474 214 526 266 δὲ
571 219 636 287 τῷ
685 215 949 282 μεμυκέναι
994 213 1046 267 τὸ
1094 212 1245 281 στόμα
1292 220 1376 283 τῆς
1426 212 1627 282 ὑστέρας
1674 215 1758 266 καὶ
1809 212 1920 268 ἆνε-

229 295 488 364 ξηρᾶνθαι.

227 461 345 510 ΧΧΙ
407 461 555 510 Τίνα
597 460 691 510 δεῖ
721 456 1193 525 παρασκεύαζειν
1230 455 1382 526 πρός
1418 455 1523 523 τὴν
1562 455 1917 525 ἆποκύησιν.

342 582 423 629 67.
460 574 572 628 Ἐπὶ
603 581 688 643 τῆς
718 575 838 627 κατὰ
873 572 1029 642 φύσιν
1059 576 1350 645 γιγνομένης
1381 571 1703 642 ἀποκυήσεως
1731 594 1920 642 προπα-

184 675 205 708 5
230 655 544 724 ρασκευοὲζειν
577 659 659 709 δεῖ
681 658 862 722 ἔλαιον,
893 654 1029 723 ὕδωρ
1059 654 1265 725 θερμόν,
1295 655 1631 725 θερμάσματα,
1670 650 1918 724 σπόγγους

225 735 523 805 τρυφερούς,
563 738 713 803 ἔριον,
753 738 1067 805 ἔπιδέσμους,
1105 733 1496 804 ὖποκεφᾶλαιον,
1538 733 1807 805 ὄσφραντᾶ,
1849 739 1918 788 δί-

227 838 358 886 φρον
389 817 652 885 μαιωτικὸν
681 815 714 886 ἢ
747 819 1019 888 καθέδραν,
1051 821 1220 882 κλίνας
1251 817 1343 872 δύο
1377 815 1516 871 οἶκόν
1545 838 1594 870 τε
1626 815 1919 884 ἐπιτήδειον.

337 900 501 952 ἔλαιον
540 899 630 967 μὲν
669 902 738 963 εἰς
774 899 892 964 τούς
930 898 1313 970 ε’γχυματισμοὺς
1351 901 1434 952 καὶ
1471 898 1557 963 τὰς
1595 897 1882 968 ε’πιβροχᾶς,

335 979 472 1049 ὕδωρ
513 982 566 1033 δὲ
605 979 795 1050 θερμὸν
831 981 974 1050 χάριν
1019 986 1106 1034 τοῦ
1153 980 1510 1048 ἆποπλυθῆναὶ
1554 978 1669 1042 τοὺς
1714 978 1920 1046 τόπους,

159 1083 200 1114 10
335 1059 654 1129 θερμάσματα
694 1063 747 1114 δὲ
787 1062 911 1131 πρὸς
946 1062 1037 1131 τὴν
1074 1065 1382 1132 παρηγορίαν
1418 1067 1515 1115 τῶν
1555 1059 1769 1128 ὠδίνων,

337 1142 584 1212 σπόγγους
624 1143 678 1196 δὲ
715 1142 838 1213 πρὸς
875 1142 990 1207 τοὺς
1028 1142 1484 1214 ἆποσπογγισμούς,

337 1226 442 1292 ἕρια
481 1225 535 1277 δὲ
573 1223 697 1292 πρὸς
727 1223 779 1278 τὸ
813 1231 1156 1293 σκεπασθῆναι
1185 1224 1301 1288 τοὺς
1329 1230 1416 1292 τῆς
1445 1222 1680 1294 γυναικὸς
1709 1220 1918 1292 τόπους,

337 1306 629 1374 ἕπιδέσμους
669 1306 722 1358 δὲ
759 1305 883 1374 πρὸς
919 1305 974 1360 τὸ
1014 1312 1440 1377 σπαργανωθῆναι
1475 1304 1528 1359 τὸ
1568 1304 1863 1375 ἆποτεχθέν,

336 1385 709 1454 ὑποκεφᾶλαιον
748 1388 827 1454 δέ,
866 1390 948 1440 ἴνα
989 1386 1068 1440 ἐπ’
1112 1387 1244 1461 αὐτῷ
1289 1394 1411 1461 τεθῇ
1456 1386 1509 1441 τὸ
1557 1389 1773 1456 ἔμβρυον
1817 1384 1915 1440 ὑπὸ

159 1488 200 1522 15
223 1467 314 1536 τὴν
351 1468 579 1522 κύουσαν
618 1469 708 1533 ε’ως
747 1492 812 1522 αν
848 1475 1068 1543 κομισθῇ
1107 1471 1191 1522 καὶ
1227 1468 1280 1523 τὸ
1320 1469 1513 1539 χόριον,

337 1548 590 1618 ὄσφραντα
623 1551 693 1617 δε,
731 1549 961 1619 καθαπερ
999 1549 1252 1620 γλήχωνα,
1291 1557 1382 1622 γῆς
1421 1555 1584 1619 βῶλον
1622 1549 1830 1618 ἅλφιτόν
1868 1571 1916 1603 τε

221 1633 306 1684 καὶ
345 1637 502 1699 μῆλον
539 1630 790 1686 κυδώνιον
827 1655 924 1685 καν
964 1628 991 1686 ὃ
1030 1631 1203 1700 καιρὸς
1241 1633 1471 1703 ἐπιτρέπῃ
1509 1635 1694 1700 κίτριον
1724 1632 1917 1685 πέπονα

223 1715 396 1766 σίκυον
433 1713 517 1764 καὶ
553 1718 656 1766 πᾶν
693 1711 747 1766 τὸ
787 1714 993 1783 ἐμφερὲς
1030 1713 1236 1781 τούτοις,
1276 1717 1344 1776 εἰς
1375 1712 1644 1779 ανακτησιν
1675 1718 1760 1780 τῆς
1791 1711 1917 1766 ἀπο-

221 1793 462 1861 κυούσης,

157 1896 200 1928 20
341 1881 425 1929 68.
465 1878 647 1944 δίφρον
687 1875 740 1928 δὲ
779 1875 1059 1943 μαιωτικόν,
1098 1879 1181 1928 ἵνα
1219 1877 1299 1929 ἐπὶ
1335 1875 1510 1929 τούτου
1550 1882 1855 1947 σχηματισθῇ
1885 1874 1918 1944 ἡ

224 1960 464 2010 τίκτουσα.
542 1960 623 2009 δεῖ
657 1957 711 2009 δὲ
748 1955 870 2010 κατὰ
908 1956 999 2024 τὴν
1037 1956 1272 2025 μεσότητα
1310 1963 1398 2010 τοῦ
1437 1960 1620 2024 δίφρου
1667 1958 1749 2009 καὶ
1794 1956 1913 2009 καθ’

223 2034 251 2090 ὃ
307 2038 451 2106 μέρος
504 2038 901 2105 ε’πικουφίζουσι,
961 2042 1234 2106 μηνοειδῶς
1289 2038 1561 2106 σύμμετρον
1614 2036 1918 2106 εὐρυχωρίαν

224 2117 527 2185 ἐκκεκόφθαι
567 2117 692 2187 πρὸς
729 2117 781 2172 τὸ
822 2118 939 2187 μήτε
980 2122 1199 2187 μείζονος
1238 2119 1388 2187 αὐτῆς
1426 2117 1742 2187 ὑπαρχούσης
1783 2119 1920 2187 μέχρι

224 2205 323 2252 τῶν
369 2203 538 2268 ἰσχίων
575 2201 939 2269 καταφέρεσθαι
979 2200 1094 2269 μήτε
1133 2200 1422 2255 τούναντίον
1462 2206 1629 2268 στενῆς
1666 2201 1925 2263 πιέζεσθαι

347 2328 370 2366 1
405 2318 743 2379 ἄναξηρανθέν
775 2337 799 2368 c
832 2324 966 2380 (corr.
999 2324 1069 2380 E).
1247 2330 1272 2369 3
1306 2323 1514 2380 sequitur
1545 2323 1668 2380 apud
1700 2323 1754 2367 D.
1789 2337 1825 2366 c
1859 2327 1914 2366 27

226 2395 283 2426 ex
314 2382 451 2426 Aetio
486 2387 648 2438 16,14
688 2385 736 2426 et
775 2397 831 2427 ex
870 2383 963 2428 alio
1003 2384 1133 2428 fonte
1173 2383 1342 2441 (ignoti
1381 2383 1706 2439 quaestionum
1746 2381 1916 2439 operis)

227 2455 325 2498 cap.
359 2441 575 2486 breviora
607 2446 782 2486 28—42
816 2443 939 2497 (add.
965 2447 1036 2488 44.
1062 2442 1177 2498 45¹³),
1210 2444 1268 2488 de
1300 2443 1467 2499 quibus
1490 2441 1528 2486 E
1554 2440 1915 2499 p.XLV11—L1.

227 2500 395 2557 quibus
444 2500 622 2544 omissis
665 2501 915 2546 transimus
963 2516 1067 2546 cum
1113 2501 1371 2558 interprete
1416 2501 1564 2545 latino
1603 2500 1664 2544 ad
1702 2513 1740 2544 ο.
1773 2505 1830 2544 43
1861 2499 1914 2544 D.

223 2602 268 2645 p.
302 2592 372 2633 84.
496 2593 524 2631 4
556 2588 815 2659 γενομένης
847 2602 871 2633 c
903 2591 1037 2646 (corr.
1070 2590 1130 2634 Ε2
1161 2606 1205 2647 p.
1240 2592 1328 2645 32).
1453 2595 1478 2633 6
1512 2554 1725 2645 ὀσφρανὲ
1755 2587 1860 2646 (sic)
1891 2602 1916 2633 c

224 2649 295 2704 (ut
325 2647 447 2692 infm.
477 2663 520 2694 v.
544 2652 597 2690 16
631 2643 876 2720 ὄσφραντα
910 2648 1007 2720 sic).
1133 2649 1247 2694 7.cf
1272 2650 1384 2694 sella
1407 2649 1622 2693 cathedra
1651 2648 1734 2692 lab.
1859 2652 1914 2691 1⁷

223 2706 304 2751 καὶ
338 2707 484 2778 μῆλον
516 2706 598 2750 καὶ
630 2703 900 2751 κυδωνικαν
933 2703 958 2751 ὃ
992 2724 1034 2752 κ.
1062 2655 1287 2778 ἕπιῚτρέπη
1315 2708 1479 2765 (310)(3.
1601 2704 1787 2751 πέπονα
1813 2706 1914 2763 (sic)
1970 2723 1998 2751 -...

223 2765 306 2810 καὶ
339 2763 502 2810 σικύον
536 2766 632 2809 πᾶν
663 2762 716 2809 τὸ
752 2762 787 2810 ἐ.
822 2779 860 2810 c.
994 2771 1050 2810 23
1083 2763 1200 2824 πρός
1230 2783 1278 2812 τε
1314 2783 1358 2824 μ.
1393 2781 1416 2811 c
1449 2769 1582 2823 (corr.
1615 2765 1688 2822 D).
1808 2768 1917 2822 post
1968 2792 1972 2793 ν

222 2822 302 2869 ὑπ.
337 2825 442 2870 add.
475 2838 513 2870 c.
547 2820 660 2882 μήτε
697 2822 978 2882 μικροτέρας
1013 2825 1117 2881 (del.
1150 2826 1219 2883 E).
1372 2831 1430 2870 24
1470 2825 1634 2882 στενῆς
1664 2822 1917 2878 πιέζεσθαι
