2014 3162
877 135 1275 189 —358—

228 269 309 320 καὶ
333 266 520 330 κύστεις
552 266 827 335 ἐπιβάλλειν
859 266 1126 335 <πλήρεις>
1161 269 1324 320 ε’λαίου
1355 274 1543 337 θερμοῦ
1575 265 1606 335 ἢ
1641 270 1914 335 μαρσίπους

229 347 480 416 ὥμήλυσιν
518 347 709 416 θερμὴν
748 350 960 417 ἔχοντας,
1001 351 1044 400 εἰ
1081 349 1134 400 δὲ
1166 348 1251 415 μή,
1290 350 1371 402 καὶ
1403 348 1485 402 διὰ
1519 352 1724 417 φορείου
1756 355 1912 400 κινεῖν
1987 364 1989 366 ’

229 431 284 482 ἐν
322 428 428 497 ἀέρι
467 431 748 499 συμμέτρως
788 436 956 501 θερμῷ
996 431 1347 498 μετεωροτέραν
1384 429 1474 498 τὴν
1514 429 1735 498 κεφαλὴν
1773 429 1914 498 ποιή-

229 528 399 574 σαντες
437 518 522 579 τῆς
560 510 855 579 καμνούσης.
927 518 1165 579 λεληθυῖα
1203 510 1296 580 γὰρ
1335 515 1524 579 κίνησις
1562 509 1918 580 ὑπομιμνήσκει

181 613 204 646 5
226 591 318 660 τὴν
356 595 583 661 ἔκκρισινῤ

338 677 491 726 ἔνιοι
531 674 584 725 δὲ
623 675 703 725 καὶ
740 671 1092 741 κατασεισμοὺς
1132 671 1362 736 εὐτόνους
1394 674 1688 742 παρέλαβον.
1752 676 1802 726 οἱ
1829 674 1918 740 μὲν
1974 723 1980 728 ,

227 753 320 824 γὰρ
360 758 729 822 μετεωρίσαντες
766 754 879 818 τοὺς
918 758 1027 823 περὶ
1065 755 1154 824 τὴν
1193 753 1415 823 κεφαλὴν
1446 761 1530 823 τῆς
1561 759 1729 826 κλίνης
1759 753 1918 818 πόδας

227 835 318 903 τήν
355 858 402 889 τε
442 834 732 903 κάμνουσαν
773 834 855 888 διὰ
895 841 1069 905 κηρίας
1109 839 1162 890 ἐν
1200 844 1300 899 τοῖς
1341 835 1589 904 ἐνηλάτοις
1627 842 1692 908 τῷ
1723 834 1918 904 θώρακι

225 916 707 985 προσκαταλαβόντες
753 918 1053 984 προσέταξαν
1100 916 1326 986 ὑπηρέτει
1370 916 1427 969 τὰ
1474 916 1597 984 πρὸς
1651 924 1750 979 τοῖς
1803 918 1918 969 ποσὶ

111 1035 115 1038 Δ
160 1017 202 1049 10
228 1003 313 1064 τῆς
360 1001 528 1064 κλίνης
569 998 695 1065 μέρη
745 995 826 1050 διὰ
865 1005 1039 1067 χειρῶν
1089 1001 1306 1066 ἐπαίρειν
1347 1020 1399 1051 τε
1438 999 1520 1050 καὶ
1559 997 1759 1065 ἆφιέναι
1796 996 1916 1050 κατὰ

226 1083 315 1131 τοῦ
360 1077 598 1145 ἐδάφους,
639 1082 691 1131 οἵ
726 1079 778 1130 δὲ
817 1077 868 1131 τὸ
909 1078 1165 1147 κλιμάκιον
1204 1081 1508 1146 ἐδοκίμαζον,
1549 1082 1599 1132 οἵ
1628 1080 1681 1131 δὲ
1712 1100 1917 1148 περιπα-

225 1167 324 1212 τεῖν
362 1157 660 1228 ἠνάγκαζον,
702 1162 753 1212 οἵ
788 1160 841 1211 δὲ
881 1163 1115 1227 κλίμακας
1154 1159 1443 1228 ἀναβαίνειν
1474 1161 1557 1211 καὶ
1588 1163 1916 1227 καταβαίνειν,

227 1243 279 1293 οἷ
322 1241 375 1292 δὲ
421 1239 626 1299 κατόπιν
674 1239 850 1293 στάντα
897 1239 1005 1292 τινὰ
1052 1246 1139 1307 τῆς
1185 1239 1437 1307 τικτούσης
1485 1242 1565 1292 καὶ
1605 1238 1917 1308 ὑποβαλόντα

224 1329 329 1384 ταῖς
377 1320 641 1390 μασχάλαις
687 1320 773 1385 τὰς
820 1327 982 1390 χεῖρας
1028 1323 1195 1391 ἐξᾶραι
1240 1323 1323 1374 καὶ
1369 1320 1579 1384 εὐτόνως
1625 1329 1916 1375 κατασεῖσαι.

160 1421 203 1454 15
229 1401 415 1466 πάντας
471 1403 524 1455 δὲ
585 1401 699 1466 τοὺς
759 1401 1012 1465 τοιούτους
1072 1401 1422 1471 κατασεισμοὺς
1483 1401 1917 1470 ἀποδοκιμαστέον.

224 1484 526 1551 πληττομένη
575 1482 667 1553 γὰρ
714 1481 745 1551 ἡ
793 1482 950 1551 μήτρα
1000 1482 1160 1553 ρ”ήξεις
1207 1485 1289 1536 καὶ
1337 1487 1647 1552 συμπαθείας
1686 1485 1917 1553 ε’πιφέρει.

222 1565 454 1631 χρηστέον
495 1564 547 1616 δὲ
585 1571 685 1627 τοῖς
724 1565 1005 1632 ἔμπροσθεν
1035 1562 1370 1634 ὑποδειχθεῖσι
1402 1567 1481 1617 καὶ
1514 1563 1605 1633 τὴν
1637 1564 1918 1619 ὠδίνουσαν

223 1646 511 1713 ἔπιθαρρεῖν
556 1647 874 1713 παραινετέον
923 1643 989 1709 ὦς
1035 1647 1090 1698 έν
1128 1644 1380 1718 ἀκινδύνῳ
1421 1646 1788 1716 τυγχάνουσαν,
1827 1644 1918 1713 τὴν

224 1725 278 1777 δὲ
326 1725 530 1794 ἄπειρον
578 1724 773 1779 ὠδίνων
820 1728 1074 1780 διδακτέον
1122 1725 1329 1790 ἐντόνως
1376 1726 1579 1794 μάλιστα
1623 1725 1676 1780 τὸ
1723 1733 1919 1795 πνεῦμα

155 1827 200 1859 20
223 1807 438 1874 κατέχειν
483 1808 566 1859 καὶ
614 1806 737 1875 πρὸς
784 1806 874 1875 τὴν
913 1807 1101 1908 λαγόνα
1141 1815 1414 1874 συνωθεῖν,
1461 1806 1551 1875 τὴν
1591 1807 1644 1860 δὲ
1682 1814 1918 1861 λειποθυ-
1986 1829 1988 1833 ’

224 1893 415 1954 μοῦσαν
478 1895 578 1950 τοῖς
638 1886 901 1956 ἆπλήκτοις
963 1888 1272 1958 ὄσφραντοῖς
1321 1887 1650 1956 ἀναληπτέον,
1712 1887 1802 1955 τὴν
1863 1888 1917 1967 δε

225 1967 405 2021 ἄτονον
438 1969 527 2036 μὲν
561 1966 643 2021 δια
675 1992 863 2038 μακρας
896 1968 1158 2033 ἀσθενείας
1189 1971 1394 2039 βραχέος
1425 1975 1708 2038 κουφισμοῦ
1738 1990 1917 2038 παρεμ-

222 2048 455 2112 πεσόντος
493 2050 735 2118 θρεπτέον
775 2049 911 2121 ὀλίγη
951 2052 1033 2103 καὶ
1065 2049 1195 2121 απλῇ
1228 2056 1401 2121 τροφῇ,
1435 2048 1543 2104 οἷον
1575 2050 1721 2122 ἄρτῳ,
1762 2050 1913 2121 σικύῳ

344 2229 366 2267 1
415 2221 574 2268 κύστει
624 2222 893 2283 έπιβαλλεῖν
944 2220 1102 2269 ε’λαίου
1150 2226 1334 2295 θερμοῦ
1387 2238 1410 2268 c
1460 2220 1676 2282 (κύστιν.
1726 2220 1915 2280 ,πλήρη
1982 2230 1985 2235 ”

226 2296 338 2327 corr.
373 2281 443 2357 Ε).
606 2284 688 2327 καὶ
718 2285 953 2341 μαρσίπου
986 2279 1258 2341 πωμὴλύσει
1289 2281 1475 2340 θερμὴν
1509 2283 1704 2340 ἔχοντας
1736 2284 1842 2340 (sic)
1875 2297 1912 2330 c.

283 2347 309 2386 6
342 2339 391 2385 οἷ
419 2340 507 2398 μὲν
540 2368 594 2375 -
628 2341 768 2399 Hipp.
802 2359 1002 2413 γυναικ.
1020 2349 1066 2387 ἃ.
1099 2342 1155 2399 ΙΙ,
1182 2348 1267 2388 699
1300 2342 1390 2400 Lip
1393 2359 1425 2388 s.
1548 2347 1574 2386 8
1607 2358 1678 2386 τε;
1713 2341 1765 2387 δὲ
1801 2357 1839 2390 c.

223 2395 469 2456 ὅνηλάτοις
501 2415 524 2445 c
558 2404 688 2458 (corr.
723 2402 797 2458 D).
920 2407 945 2446 9
978 2397 1226 2473 ὑπηρετεῖ
1234 2416 1258 2446 c
1292 2359 1558 2476 (ὑπηρέτιδι
1588 2400 1699 2458 DE)
1732 2401 1814 2446 sed
1844 2400 1912 2446 vi-

221 2458 286 2502 ris
318 2459 498 2504 duobus
531 2461 601 2505 ait
631 2460 771 2517 Hipp.
804 2461 833 2505 1.
869 2475 906 2505 c.
1063 2466 1115 2505 11
1149 2458 1259 2512 τοὺς
1292 2458 1499 2532 ἐλάφους
1531 2474 1554 2504 c
1603 2461 1734 2516 (corr.
1768 2460 1839 2517 E).

223 2514 272 2560 οἵ
300 2515 352 2561 δε
388 2519 514 2573 (ante
546 2516 598 2563 τὸ
633 2520 718 2576 κλ.)
752 2533 842 2564 om.
876 2534 900 2564 c
932 2520 1054 2575 (add.
1087 2521 1157 2570 Ε).
1300 2525 1352 2564 13
1376 2515 1685 2592 υπολαβόντοι
1719 2533 1742 2563 c
1777 2521 1910 2573 (corr.

220 2575 292 2633 E).
419 2581 474 2620 14
509 2575 666 2634 ἕξέραι
698 2592 722 2622 ο
755 2580 887 2635 (corr.
921 2578 997 2650 D).
1122 2574 1151 2635 ἢ
1184 2577 1265 2623 καὶ
1297 2593 1320 2623 ο
1353 2573 1399 2635 (ἢ
1434 2577 1524 2622 del,
1549 2578 1622 2635 E).
1747 2583 1801 2623 16
1833 2574 1914 2635 ῤ’ή-

223 2636 339 2688 ξειςε
371 2632 562 2692 πλήξεις
594 2651 630 2680 c.
803 2642 855 2682 19
890 2633 1094 2689 ευτόνως
1127 2634 1428 2695 (1.ἐντόνως)
1461 2633 1659 2708 μάλιστα
1691 2636 1836 2693 (Paul.
1871 2641 1912 2693 3,
1969 2663 1972 2666 ·

226 2697 320 2751 76)·
356 2691 407 2738 ἔν
439 2699 536 2745 τοῖς
566 2691 727 2746 τόποις
759 2698 838 2752 (sc.
867 2693 1099 2768 εντόποις)
1125 2692 1322 2768 μάλιστα
1356 2710 1391 2742 c
1539 2701 1592 2740 21
1628 2691 1912 2768 ὄσφραντοῖς

224 2753 387 2798 addidi
419 2767 475 2798 ex
504 2753 650 2798 Paulo
684 2759 725 2810 3,
751 2760 820 2799 76.
854 2756 960 2810 post
991 2751 1289 2811 ἀναληπτέον
1321 2768 1416 2812 seq.
1447 2754 1497 2799 in
1529 2769 1553 2799 c
1587 2752 1687 2799 οἷον
1719 2751 1911 2810 ἄρτω-
1949 2759 1979 2781 ³³

222 2813 576 2928 {capanifflm'otffi
609 2826 727 2868 quae
761 2813 996 2858 debebant
1025 2815 1136 2871 posia
1166 2814 1330 2872 τροφῇ.
1470 2819 1526 2858 23
1559 2809 1717 2870 ὀλίγου
1750 2813 1855 2871 (sic)
1888 2826 1912 2858 e
1955 2826 1963 2866 j

244 2885 357 2916 corr.
456 2907 464 2916 .
