2014 3162
786 159 1153 196 —XII--

249 282 293 333 4)
336 276 630 333 *Μοσχίωνος
661 275 766 329 περὶ
798 275 1080 331 γυναικείων
1112 274 1299 328 παθῶν,
1345 271 1394 315 id
1426 271 1498 315 est
1528 269 1815 315 Moschionis

128 336 299 380 medici
330 334 496 379 Graeci
527 333 584 378 de
615 333 789 378 morbis
820 332 1124 377 muliebribus
1155 332 1274 375 liber
1303 344 1446 374 unus:
1480 343 1584 373 cum
1613 328 1815 374 Conradi

131 393 323 440 Gesneri
351 394 441 438 viri
474 393 643 437 clariss.
697 392 882 436 scholiis
922 392 970 436 et
1002 389 1424 442 emendationibus,
1456 402 1578 431 nunc
1610 389 1812 444 primum

131 452 283 497 editus
330 466 471 510 opera
518 466 572 495 ac
619 450 773 495 studio
821 450 1012 506 Caspari
1049 447 1264 505 Wolphii
1303 446 1515 504 Tigurini
1556 446 1809 492 medici...

130 512 199 614 {REX
222 510 518 614 Bibfiigssfffa
550 510 832 567 Augustana.
894 508 1135 566 Basileae‚
1178 521 1262 563 per
1294 507 1523 550 Thomam
1556 505 1814 550 Guarinum

252 644 296 699 5)
342 643 443 699 ipse
483 642 578 686 vidi
622 641 827 686 codicem
860 654 1019 685 eorum
1051 640 1131 695 qui
1159 652 1280 683 nunc
1313 639 1474 682 extant
1505 637 1817 694 antiquiorem

132 700 279 759 Lugd.
321 701 421 744 Bat.
462 716 528 757 gr.
571 705 625 744 62
659 713 687 743 a
719 699 944 756 (Catalog.
977 714 1021 755 p.
1070 700 1173 755 337)
1207 697 1360 742 bomb.
1393 711 1426 740 s.
1461 696 1560 753 XV,
1599 710 1736 753 quem
1768 697 1819 740 in

137 759 332 805 Graecia
363 774 392 804 a
422 759 598 803 Graeco
633 758 855 814 scriptum
885 758 1026 801 fuisse
1053 758 1197 814 patet.
1246 755 1390 800 habet
1412 754 1452 799 is
1477 755 1817 812 praefationem

137 819 321 875 qualem
339 818 726 871 Vindobonensis‚
743 817 884 860 habet
901 816 1008 860 libri
1030 815 1292 872 imperfecti
1317 816 1431 871 quot
1455 815 1630 858 habent
1648 814 1818 870 reliqui

135 877 344 935 capitula
378 881 460 920 152
492 890 638 932 usque
671 876 732 920 ad
762 876 905 919 verba
927 870 956 930 ἢ
983 870 1259 930 ὀγηλότητος
1284 875 1401 930 (sic),
1433 873 1514 916 ubi
1532 873 1580 917 in
1605 871 1815 929 margine

135 936 230 980 alia
269 949 411 979 manu
440 936 654 980 notatum
684 934 858 990 legitur
890 932 976 984 ἕως
1008 926 1099 977 ὧδε
1133 935 1211 990 (sc.
1246 932 1566 989 describatur).
1613 932 1824 988 sequitur

135 993 393 1051 capitulum
442 995 603 1038 decem
642 1007 859 1038 versuum
900 1007 927 1036 a
967 991 1168 1037 Gesnero
1209 991 1429 1036 omissum
1469 991 1576 1046 πὲρ),
1611 992 1703 1034 τῶν
1735 1007 1820 1048 μυ-

135 1054 330 1108 ξαρίων,
371 1052 537 1096 deinde
578 1065 694 1109 quae
737 1049 911 1108 ἰάματα
950 1050 1031 1095 ille
1071 1050 1307 1108 inscripsit
1336 1063 1482 1105 usque
1514 1050 1574 1094 ad
1604 1066 1646 1095 v.
1681 1047 1821 1103 ὄξους

134 1112 241 1168 χρῶ.
283 1111 450 1156 desunt
488 1125 606 1167 quae
645 1110 851 1166 pessaria
891 1110 1132 1155 continent
1163 1109 1354 1155 Gesneri
1394 1122 1494 1165 cap.
1529 1125 1701 1165 ρνγ-
1723 1110 1823 1165 ρξγ

130 1171 252 1226 (des.
288 1169 529 1227 συνέλαβε)
563 1183 591 1213 a
620 1168 887 1213 Moschione
919 1169 1085 1225 aliena,
1119 1169 1198 1213 sed
1227 1183 1311 1225 pro
1335 1168 1408 1211 his
1433 1169 1483 1211 in
1505 1167 1658 1212 indice
1683 1182 1820 1225 prae-

134 1229 224 1273 fixo
265 1230 488 1273 notantur
517 1228 662 1285 ipsius
690 1227 972 1272 Moschionis
1003 1227 1133 1272 tituli
1165 1227 1245 1284 qui
1275 1228 1324 1271 in
1355 1228 1487 1271 textu
1519 1227 1687 1271 desunt
1717 1243 1818 1283 ρνγ

135 1288 307 1344 -ρξς,
354 1300 550 1343 quorum
595 1285 787 1331 ultimus
850 1288 921 1331 est
968 1288 1077 1338 Πῶς
1115 1284 1167 1330 τὸ
1210 1283 1382 1342 νήπιον
1425 1282 1740 1342 δοκιμάζομεν
1775 1284 1821 1330 εἰ

134 1342 367 1402 τεθνηκὸς
388 1348 473 1402 εἴη,
491 1344 559 1390 ita
582 1348 739 1390 tamen
765 1348 819 1389 ut
836 1347 884 1389 et
900 1347 1158 1401 spuriorum
1176 1346 1362 1389 illorum
1377 1343 1688 1401 capitulorum
1706 1344 1818 1388 Ges-

134 1403 428 1449 nerianorum
459 1418 577 1460 quae
610 1405 776 1448 desunt
805 1404 1128 1461 inscriptiones
1158 1406 1319 1449 tamen
1351 1405 1615 1448 atramento
1639 1403 1818 1460 pallido

137 1463 322 1507 additae
360 1463 577 1520 legantur
612 1462 662 1506 in
700 1462 796 1507 ima
830 1465 964 1519 parte
995 1463 1073 1508 fol.
1108 1469 1181 1509 3³⁷.
1246 1465 1450 1507 ceterum
1482 1463 1819 1507 advertendum

138 1523 210 1566 est
246 1521 295 1565 in
334 1522 543 1578 margine
581 1521 800 1566 inferiore
847 1522 943 1566 eius
981 1522 1180 1579 paginae
1212 1523 1294 1566 ubi
1324 1524 1478 1566 textus
1512 1522 1669 1565 deficit
1698 1522 1820 1566 Mos-

138 1579 315 1624 chionis
360 1583 522 1624 notam
565 1579 745 1624 librarii
791 1579 997 1636 positam
1043 1594 1142 1624 esse
1186 1595 1240 1624 ex
1288 1582 1422 1637 parte
1465 1581 1661 1624 recisam
1700 1581 1821 1624 hane

135 1640 167 1695 †
201 1636 261 1696 μὴ
310 1639 515 1696 μεμφθῶ
557 1635 685 1694 παρὰ
726 1640 808 1683 τοῦ
851 1637 966 1695 ἐμοῦ
1005 1641 1170 1695 κυρίου
1209 1638 1290 1683 καὶ
1329 1635 1602 1695 ἅφθέντου,
1651 1634 1724 1682 ὅτι
1768 1636 1822 1682 τό

137 1694 402 1757 ἀμφίβολον
450 1698 549 1754 (sic)
601 1695 727 1741 πάνυ
774 1695 1140 1767 σφαζ<λερόνῖ>>
1185 1694 1355 1755 ὁμοίως
1403 1698 1484 1741 καὶ
1525 1696 1581 1741 αἱ
1615 1694 1826 1754 ὀχλήσεις

137 1753 326 1812 ἄπειροι,
366 1752 624 1812 ἐτύγχανον
664 1753 715 1799 ἐν
758 1757 813 1812 τῆ
849 1759 960 1800 οῖ’κω
994 1753 1107 1812 όλην
1138 1754 1224 1813 τὴν
1254 1753 1451 1813 ἡμέραν.
1513 1771 1654 1812 quarn
1687 1770 1821 1801 excu-

139 1814 367 1860 sationem
407 1828 461 1859 ex
499 1814 755 1871 exemplari
796 1815 1151 1871 transscriptam
1183 1816 1317 1872 quasi
1347 1815 1558 1859 imitatus
1591 1829 1691 1859 esse
1723 1815 1821 1859 suis

141 1873 418 1930 ambagibus
457 1873 644 1918 videtur
683 1874 825 1917 etiam
864 1875 1027 1918 auctor
1064 1875 1324 1932 apographi
1360 1873 1732 1918 Vindobonensis
1775 1874 1825 1917 in

143 1931 483 1988 subscriptione
532 1946 670 1987 quam
717 1931 834 1988 legis
881 1934 1005 1988 apud
1053 1934 1354 1978 Lambecium
1395 1933 1569 1978 Comm.
1611 1934 1667 1977 de
1711 1932 1825 1977 bibl.

143 1990 271 2036 Caes.
306 1990 440 2034 Vind.
473 1991 504 2035 1.
537 1990 601 2034 VI
632 2006 676 2047 p.
714 1996 796 2035 139
831 1992 926 2047 (ubi
958 1988 1019 2048 μὴ
1053 1990 1321 2050 μεμψάσθω
1345 1989 1429 2036 τὸν
1453 1988 1705 2049 γράψαντα
1728 1993 1821 2036 τῶν

143 2046 427 2106 σφαλμάτων
460 2051 579 2106 etc).
1620 2078 1626 2083 .

259 2125 302 2179 6)
336 2123 459 2178 quod
497 2123 673 2167 Muscio
717 2123 889 2167 latinus
922 2124 989 2168 ait
1018 2124 1067 2168 in
1098 2124 1296 2182 prologo
1330 2124 1446 2180 (cod.
1479 2124 1654 2180 Brux.):
1705 2124 1826 2180 ‘pla—

141 2183 238 2226 cuit
267 2182 385 2225 mihi
414 2182 535 2226 hanc
569 2196 753 2238 quoque
783 2183 1009 2239 genechia
1038 2184 1087 2226 in
1111 2184 1310 2227 latinum
1332 2185 1511 2228 vertere
1545 2183 1823 2227 sermonem’

141 2242 206 2285 sic
239 2239 371 2285 dedit
401 2239 603 2285 Graecus
642 2241 815 2286 codicis
853 2241 1000 2298 Lugd.
1036 2241 1197 2296 ἔδοξεν
1239 2239 1342 2299 ἐμοὶ
1384 2242 1534 2286 ταῦτα
1574 2258 1622 2286 τε
1655 2240 1711 2286 τὰ
1745 2259 1827 2298 γυ-

145 2334 332 2373 ναικεῖα
365 2307 433 2379 εἶξε
463 2309 547 2384 τῆξν
577 2329 670 2372 τῶν
700 2330 1220 2396 λατίνωνμετατρέψαι
1251 2310 1518 2376 διάλέκτὸτῖ.
1558 2330 1627 2375 ita
1649 2331 1703 2374 ut
1725 2329 1828 2386 ipse

142 2387 305 2432 eadem
337 2401 478 2432 manu
508 2387 724 2432 librarius
742 2401 790 2432 se
809 2402 1039 2446 corrigens
1058 2389 1243 2444 scribat,
1264 2385 1314 2432 ἐκ
1331 2390 1414 2446 τῆς
1437 2390 1530 2433 τῶν
1553 2389 1754 2433 λατίνων
1778 2405 1827 2445 μ.

150 2445 397 2490 διαλέκτου
431 2446 495 2502 (id
528 2447 652 2502 quod
684 2447 827 2490 habet
858 2448 955 2492 cod.
989 2448 1224 2504 vindob).
1437 2501 1440 2503 ι

262 2507 305 2561 7)
339 2519 456 2560 quae
488 2506 645 2561 verba,
676 2506 842 2561 utpote
870 2509 1102 2563 corrupta,
1135 2506 1294 2550 omisit
1318 2507 1514 2551 Wolfius
1546 2506 1595 2550 in
1618 2506 1828 2564 prologis

143 2563 419 2620 scriptorum
458 2563 738 2608 Harmoniae
784 2565 1061 2622 praepositis
1105 2581 1150 2622 p.
1199 2570 1246 2621 5,
1295 2565 1414 2610 sicut
1451 2567 1549 2622 ipse
1601 2566 1830 2613 Gesnerus

141 2622 261 2666 nihil
304 2623 559 2679 suspicatus
607 2622 856 2679 scripserat
902 2625 962 2667 ad
999 2625 1174 2668 Mosch.
1215 2639 1259 2680 p.
1294 2629 1350 2668 55
1388 2624 1453 2667 ‘in
1494 2638 1549 2668 ea
1588 2625 1710 2668 enim
1745 2626 1824 2681 (sc.

141 2680 278 2725 latini
308 2682 587 2726 Moschionis
617 2682 922 2739 praefatione)
952 2697 1000 2727 se
1026 2683 1362 2739 Gynaeciorum
1401 2683 1571 2726 librum
1607 2697 1827 2739 graecum

142 2743 342 2784 autore
373 2754 481 2784 non
510 2740 802 2785 nominato
833 2741 1127 2786 transtulisse
1160 2741 1260 2786 ait'.
1315 2743 1518 2785 ceterum
1549 2743 1602 2785 ut
1634 2742 1828 2786 Wolfius

143 2798 208 2844 sic
256 2799 481 2844 Gesnerus
530 2801 576 2843 et
621 2800 819 2844 latinum
869 2799 1078 2845 codicem
1126 2803 1174 2845 et
1219 2814 1435 2857 graecum
1482 2801 1661 2844 textum
1713 2801 1828 2845 citat

143 2859 454 2913 emendatum,
486 2873 579 2903 non
614 2860 855 2915 sincerum,
890 2861 1015 2915 quod
1045 2859 1122 2905 vel
1153 2860 1252 2917 ipse
1287 2859 1530 2904 confitetur
1562 2859 1620 2902 ad
1651 2858 1826 2904 Mosch.
