<?xml version="1.0" encoding="UTF-8"?>
<!DOCTYPE html PUBLIC "-//W3C//DTD XHTML 1.0 Transitional//EN"
    "http://www.w3.org/TR/xhtml1/DTD/xhtml1-transitional.dtd">
<html xmlns="http://www.w3.org/1999/xhtml" xml:lang="en" lang="en">
 <head>
  <title>
</title>
<meta http-equiv="Content-Type" content="text/html;charset=utf-8" />
  <meta name='ocr-system' content='tesseract 3.04.00' />
  <meta name='ocr-capabilities' content='ocr_page ocr_carea ocr_par ocr_line ocrx_word'/>
</head>
<body>
  <div class='ocr_page' id='page_1' title='image "./gynaeciorumvetus00sorauoft_0377.png"; bbox 0 0 2014 3162; ppageno 0'>
   <div class='ocr_carea' id='block_1_1' title="bbox 0 2282 2 3134">
    <p class='ocr_par' dir='ltr' id='par_1_1' title="bbox 0 2282 2 3134">
     <span class='ocr_line' id='line_1_1' title="bbox 0 2282 2 3134; baseline 0 0"><span class='ocrx_word' id='word_1_1' title='bbox 0 2282 2 3134; x_wconf 95' lang='lat' dir='ltr'><strong><em> </em></strong></span> 
     </span>
    </p>
   </div>
   <div class='ocr_carea' id='block_1_2' title="bbox 713 148 1112 201">
    <p class='ocr_par' dir='ltr' id='par_1_2' title="bbox 713 148 1112 201">
     <span class='ocr_line' id='line_1_2' title="bbox 713 148 1112 201; baseline 0 0"><span class='ocrx_word' id='word_1_2' title='bbox 713 148 1112 201; x_wconf 55' lang='grc'><strong>*353-</strong></span> 
     </span>
    </p>
   </div>
   <div class='ocr_carea' id='block_1_3' title="bbox 47 277 1819 2215">
    <p class='ocr_par' dir='ltr' id='par_1_3' title="bbox 73 277 1761 429">
     <span class='ocr_line' id='line_1_3' title="bbox 73 277 1761 352; baseline 0.005 -20"><span class='ocrx_word' id='word_1_3' title='bbox 73 280 151 332; x_wconf 81' lang='grc' dir='ltr'><strong><em>ἐπὶ</em></strong></span> <span class='ocrx_word' id='word_1_4' title='bbox 188 277 422 346; x_wconf 87' lang='grc' dir='ltr'><strong><em>πλευράν.</em></strong></span> <span class='ocrx_word' id='word_1_5' title='bbox 506 277 660 332; x_wconf 82' lang='grc' dir='ltr'><strong><em>τόπον</em></strong></span> <span class='ocrx_word' id='word_1_6' title='bbox 697 278 791 349; x_wconf 75' lang='grc' dir='ltr'><strong><em>γὰρ</em></strong></span> <span class='ocrx_word' id='word_1_7' title='bbox 831 284 1005 334; x_wconf 90' lang='grc' dir='ltr'><strong><em>δίδωσι</em></strong></span> <span class='ocrx_word' id='word_1_8' title='bbox 1042 288 1099 352; x_wconf 76' lang='grc' dir='ltr'><strong><em>τῇ</em></strong></span> <span class='ocrx_word' id='word_1_9' title='bbox 1140 285 1260 350; x_wconf 85' lang='grc' dir='ltr'><strong><em>χειρὶ</em></strong></span> <span class='ocrx_word' id='word_1_10' title='bbox 1297 290 1383 351; x_wconf 87' lang='grc' dir='ltr'><strong><em>τῆς</em></strong></span> <span class='ocrx_word' id='word_1_11' title='bbox 1421 288 1566 352; x_wconf 82' lang='grc' dir='ltr'><em>μαίας</em></span> <span class='ocrx_word' id='word_1_12' title='bbox 1603 289 1671 349; x_wconf 88' lang='grc' dir='ltr'><strong><em>εἰς</em></strong></span> <span class='ocrx_word' id='word_1_13' title='bbox 1709 286 1761 340; x_wconf 87' lang='grc' dir='ltr'><strong><em>τὸ</em></strong></span> 
     </span>
     <span class='ocr_line' id='line_1_4' title="bbox 74 358 1332 429; baseline 0.002 -15"><span class='ocrx_word' id='word_1_14' title='bbox 74 363 482 428; x_wconf 86' lang='grc' dir='ltr'><strong><em>μετασχηματίσαι</em></strong></span> <span class='ocrx_word' id='word_1_15' title='bbox 518 358 550 428; x_wconf 77' lang='grc' dir='ltr'>ἢ</span> <span class='ocrx_word' id='word_1_16' title='bbox 592 362 671 412; x_wconf 84' lang='grc' dir='ltr'><strong><em>ε’πὶ</em></strong></span> <span class='ocrx_word' id='word_1_17' title='bbox 709 360 933 429; x_wconf 80' lang='grc' dir='ltr'><strong><em>κεφαλὴν</em></strong></span> <span class='ocrx_word' id='word_1_18' title='bbox 969 359 1002 429; x_wconf 81' lang='grc' dir='ltr'>ἢ</span> <span class='ocrx_word' id='word_1_19' title='bbox 1042 363 1121 415; x_wconf 80' lang='grc' dir='ltr'><strong><em>ἐπὶ</em></strong></span> <span class='ocrx_word' id='word_1_20' title='bbox 1159 361 1332 426; x_wconf 81' lang='grc' dir='ltr'><strong><em>πόδας.</em></strong></span> 
     </span>
    </p>

    <p class='ocr_par' dir='ltr' id='par_1_4' title="bbox 66 439 1819 1081">
     <span class='ocr_line' id='line_1_5' title="bbox 183 439 1761 515; baseline 0.003 -21"><span class='ocrx_word' id='word_1_21' title='bbox 183 439 239 494; x_wconf 80' lang='grc' dir='ltr'><strong><em>τὰ</em></strong></span> <span class='ocrx_word' id='word_1_22' title='bbox 281 441 335 493; x_wconf 82' lang='grc' dir='ltr'><strong><em>δὲ</em></strong></span> <span class='ocrx_word' id='word_1_23' title='bbox 375 442 714 509; x_wconf 88' lang='grc' dir='ltr'><strong><em>δεδιπλωμένα</em></strong></span> <span class='ocrx_word' id='word_1_24' title='bbox 753 441 1003 510; x_wconf 83' lang='grc' dir='ltr'><strong><em>φερόμενα</em></strong></span> <span class='ocrx_word' id='word_1_25' title='bbox 1039 447 1249 512; x_wconf 84' lang='grc' dir='ltr'><strong><em>χείριστα</em></strong></span> <span class='ocrx_word' id='word_1_26' title='bbox 1286 443 1487 497; x_wconf 88' lang='grc' dir='ltr'><strong><em>πάντων</em></strong></span> <span class='ocrx_word' id='word_1_27' title='bbox 1523 452 1621 498; x_wconf 92' lang='grc' dir='ltr'><strong><em>τῶν</em></strong></span> <span class='ocrx_word' id='word_1_28' title='bbox 1653 464 1761 515; x_wconf 79' lang='grc' dir='ltr'><strong><em>σχη-</em></strong></span> 
     </span>
     <span class='ocr_line' id='line_1_6' title="bbox 70 522 1762 595; baseline 0.002 -20"><span class='ocrx_word' id='word_1_29' title='bbox 70 523 235 592; x_wconf 88' lang='grc' dir='ltr'><strong><em>μάτων</em></strong></span> <span class='ocrx_word' id='word_1_30' title='bbox 280 523 400 589; x_wconf 81' lang='grc' dir='ltr'><strong><em>ἐστί,</em></strong></span> <span class='ocrx_word' id='word_1_31' title='bbox 450 523 531 574; x_wconf 81' lang='grc' dir='ltr'><strong><em>καὶ</em></strong></span> <span class='ocrx_word' id='word_1_32' title='bbox 570 522 756 575; x_wconf 80' lang='grc' dir='ltr'><strong><em>τούτων</em></strong></span> <span class='ocrx_word' id='word_1_33' title='bbox 803 522 894 576; x_wconf 77' lang='grc' dir='ltr'><strong><em>’ὅσα</em></strong></span> <span class='ocrx_word' id='word_1_34' title='bbox 938 525 1018 576; x_wconf 82' lang='grc' dir='ltr'><strong><em>ἐπὶ</em></strong></span> <span class='ocrx_word' id='word_1_35' title='bbox 1061 523 1118 577; x_wconf 77' lang='grc' dir='ltr'><strong><em>τὰ</em></strong></span> <span class='ocrx_word' id='word_1_36' title='bbox 1161 528 1291 594; x_wconf 86' lang='grc' dir='ltr'><em>ἰσχία</em></span> <span class='ocrx_word' id='word_1_37' title='bbox 1333 526 1542 595; x_wconf 86' lang='grc' dir='ltr'><strong><em>φέρεται.</em></strong></span> <span class='ocrx_word' id='word_1_38' title='bbox 1591 534 1762 595; x_wconf 79' lang='grc' dir='ltr'><strong><em>τριχῶς</em></strong></span> 
     </span>
     <span class='ocr_line' id='line_1_7' title="bbox 69 602 1804 681; baseline 0.003 -24"><span class='ocrx_word' id='word_1_39' title='bbox 69 602 161 674; x_wconf 76' lang='grc' dir='ltr'><strong><em>γὰρ</em></strong></span> <span class='ocrx_word' id='word_1_40' title='bbox 199 605 283 656; x_wconf 82' lang='grc' dir='ltr'><strong><em>καὶ</em></strong></span> <span class='ocrx_word' id='word_1_41' title='bbox 319 602 378 655; x_wconf 78' lang='grc' dir='ltr'><strong><em>τὰ</em></strong></span> <span class='ocrx_word' id='word_1_42' title='bbox 418 605 755 672; x_wconf 87' lang='grc' dir='ltr'><strong><em>δεδιπλωμένα</em></strong></span> <span class='ocrx_word' id='word_1_43' title='bbox 794 609 1138 673; x_wconf 80' lang='grc' dir='ltr'><strong><em>σχηματίζεται.</em></strong></span> <span class='ocrx_word' id='word_1_44' title='bbox 1198 604 1231 673; x_wconf 80' lang='grc' dir='ltr'><em>ἢ</em></span> <span class='ocrx_word' id='word_1_45' title='bbox 1278 604 1372 675; x_wconf 77' lang='grc' dir='ltr'><strong><em>γὰρ</em></strong></span> <span class='ocrx_word' id='word_1_46' title='bbox 1411 605 1535 674; x_wconf 86' lang='grc' dir='ltr'><strong><em>πρὸς</em></strong></span> <span class='ocrx_word' id='word_1_47' title='bbox 1565 613 1629 681; x_wconf 82' lang='grc' dir='ltr'><strong><em>τῷ</em></strong></span> <span class='ocrx_word' id='word_1_48' title='bbox 1659 607 1760 660; x_wconf 90' lang='grc' dir='ltr'><strong><em>στό-</em></strong></span> <span class='ocrx_word' id='word_1_49' title='bbox 1784 631 1804 664; x_wconf 88' lang='grc'><strong>5</strong></span> 
     </span>
     <span class='ocr_line' id='line_1_8' title="bbox 68 683 1758 758; baseline 0.003 -21"><span class='ocrx_word' id='word_1_50' title='bbox 68 707 179 754; x_wconf 87' lang='grc' dir='ltr'><strong><em>ματι</em></strong></span> <span class='ocrx_word' id='word_1_51' title='bbox 215 691 300 752; x_wconf 85' lang='grc' dir='ltr'><strong><em>τῆς</em></strong></span> <span class='ocrx_word' id='word_1_52' title='bbox 338 683 540 753; x_wconf 78' lang='grc' dir='ltr'><strong><em>ὑστέρας</em></strong></span> <span class='ocrx_word' id='word_1_53' title='bbox 577 684 636 737; x_wconf 90' lang='grc' dir='ltr'><strong><em>τά</em></strong></span> <span class='ocrx_word' id='word_1_54' title='bbox 673 707 721 738; x_wconf 89' lang='grc' dir='ltr'><strong><em>τε</em></strong></span> <span class='ocrx_word' id='word_1_55' title='bbox 760 687 904 753; x_wconf 83' lang='grc' dir='ltr'><strong><em>σκέλη</em></strong></span> <span class='ocrx_word' id='word_1_56' title='bbox 944 688 1026 739; x_wconf 84' lang='grc' dir='ltr'><strong><em>καὶ</em></strong></span> <span class='ocrx_word' id='word_1_57' title='bbox 1062 685 1094 755; x_wconf 79' lang='grc' dir='ltr'><em>ἡ</em></span> <span class='ocrx_word' id='word_1_58' title='bbox 1133 687 1321 756; x_wconf 83' lang='grc' dir='ltr'><strong><em>κεφαλὴ</em></strong></span> <span class='ocrx_word' id='word_1_59' title='bbox 1360 687 1582 758; x_wconf 83' lang='grc' dir='ltr'><strong><em>ὑπάρχει,</em></strong></span> <span class='ocrx_word' id='word_1_60' title='bbox 1634 687 1666 756; x_wconf 80' lang='grc' dir='ltr'>ἢ</span> <span class='ocrx_word' id='word_1_61' title='bbox 1706 688 1758 743; x_wconf 88' lang='grc' dir='ltr'><strong><em>τὸ</em></strong></span> 
     </span>
     <span class='ocr_line' id='line_1_9' title="bbox 68 764 1760 838; baseline 0.001 -18"><span class='ocrx_word' id='word_1_62' title='bbox 68 765 376 836; x_wconf 73' lang='grc' dir='ltr'><strong><em>ἐπιγάστριον</em></strong></span> <span class='ocrx_word' id='word_1_63' title='bbox 414 764 446 835; x_wconf 81' lang='grc' dir='ltr'><em>ἢ</em></span> <span class='ocrx_word' id='word_1_64' title='bbox 485 765 545 819; x_wconf 82' lang='grc' dir='ltr'><strong><em>τὰ</em></strong></span> <span class='ocrx_word' id='word_1_65' title='bbox 583 770 723 835; x_wconf 86' lang='grc' dir='ltr'><strong><em>ἰσχία.</em></strong></span> <span class='ocrx_word' id='word_1_66' title='bbox 780 766 985 834; x_wconf 69' lang='grc' dir='ltr'><strong><em>ἄμεινον</em></strong></span> <span class='ocrx_word' id='word_1_67' title='bbox 1024 769 1077 820; x_wconf 83' lang='grc' dir='ltr'><strong><em>δὲ</em></strong></span> <span class='ocrx_word' id='word_1_68' title='bbox 1115 767 1205 836; x_wconf 82' lang='grc' dir='ltr'><strong><em>τὴν</em></strong></span> <span class='ocrx_word' id='word_1_69' title='bbox 1243 773 1433 823; x_wconf 85' lang='grc' dir='ltr'><strong><em>κοιλίαν</em></strong></span> <span class='ocrx_word' id='word_1_70' title='bbox 1472 771 1598 838; x_wconf 76' lang='grc' dir='ltr'><strong><em>ἔχειν</em></strong></span> <span class='ocrx_word' id='word_1_71' title='bbox 1635 768 1760 837; x_wconf 89' lang='grc' dir='ltr'><strong><em>πρὸς</em></strong></span> 
     </span>
     <span class='ocr_line' id='line_1_10' title="bbox 70 846 1758 919; baseline 0.002 -19"><span class='ocrx_word' id='word_1_72' title='bbox 70 846 120 901; x_wconf 87' lang='grc' dir='ltr'><strong><em>τὸ</em></strong></span> <span class='ocrx_word' id='word_1_73' title='bbox 161 846 312 915; x_wconf 87' lang='grc' dir='ltr'><strong><em>στόμα</em></strong></span> <span class='ocrx_word' id='word_1_74' title='bbox 349 854 435 916; x_wconf 80' lang='grc' dir='ltr'><strong><em>τῆς</em></strong></span> <span class='ocrx_word' id='word_1_75' title='bbox 472 846 691 915; x_wconf 73' lang='grc' dir='ltr'><strong><em>ὑστέρας.</em></strong></span> <span class='ocrx_word' id='word_1_76' title='bbox 754 847 1016 901; x_wconf 84' lang='grc' dir='ltr'><strong><em>διελόντων</em></strong></span> <span class='ocrx_word' id='word_1_77' title='bbox 1053 848 1146 919; x_wconf 76' lang='grc' dir='ltr'><strong><em>γὰρ</em></strong></span> <span class='ocrx_word' id='word_1_78' title='bbox 1185 848 1327 918; x_wconf 76' lang='grc' dir='ltr'><strong><em>ἡμῶν</em></strong></span> <span class='ocrx_word' id='word_1_79' title='bbox 1365 849 1417 903; x_wconf 88' lang='grc' dir='ltr'><strong><em>τὸ</em></strong></span> <span class='ocrx_word' id='word_1_80' title='bbox 1450 848 1758 919; x_wconf 73' lang='grc' dir='ltr'><strong><em>ἐπιγάστριον</em></strong></span> 
     </span>
     <span class='ocr_line' id='line_1_11' title="bbox 66 927 1758 999; baseline 0.002 -18"><span class='ocrx_word' id='word_1_81' title='bbox 66 930 151 981; x_wconf 82' lang='grc' dir='ltr'><strong><em>καὶ</em></strong></span> <span class='ocrx_word' id='word_1_82' title='bbox 194 930 538 997; x_wconf 85' lang='grc' dir='ltr'><strong><em>κομισαμένων</em></strong></span> <span class='ocrx_word' id='word_1_83' title='bbox 573 927 632 981; x_wconf 79' lang='grc' dir='ltr'><strong><em>τὰ</em></strong></span> <span class='ocrx_word' id='word_1_84' title='bbox 679 930 984 996; x_wconf 78' lang='grc' dir='ltr'><strong><em>ἐντοσθίδια,</em></strong></span> <span class='ocrx_word' id='word_1_85' title='bbox 1035 929 1366 998; x_wconf 81' lang='grc' dir='ltr'><strong><em>συμπεσόντος</em></strong></span> <span class='ocrx_word' id='word_1_86' title='bbox 1411 937 1498 984; x_wconf 84' lang='grc' dir='ltr'><strong><em>τοῦ</em></strong></span> <span class='ocrx_word' id='word_1_87' title='bbox 1539 931 1758 999; x_wconf 79' lang='grc' dir='ltr'><strong><em>σώματος</em></strong></span> 
     </span>
     <span class='ocr_line' id='line_1_12' title="bbox 66 1007 1819 1081; baseline -0.001 -17"><span class='ocrx_word' id='word_1_88' title='bbox 66 1009 268 1079; x_wconf 78' lang='grc' dir='ltr'><strong><em>εὐχερὴς</em></strong></span> <span class='ocrx_word' id='word_1_89' title='bbox 305 1015 518 1081; x_wconf 87' lang='grc' dir='ltr'><strong><em>γίγνεται</em></strong></span> <span class='ocrx_word' id='word_1_90' title='bbox 558 1007 600 1064; x_wconf 85' lang='grc' dir='ltr'><strong><em>ὁ.</em></strong></span> <span class='ocrx_word' id='word_1_91' title='bbox 624 1007 1084 1079; x_wconf 87' lang='grc' dir='ltr'><strong><em>μετασχηματισμός.</em></strong></span> <span class='ocrx_word' id='word_1_92' title='bbox 1778 1036 1819 1067; x_wconf 88' lang='lat'><strong><em>10</em></strong></span> 
     </span>
    </p>

    <p class='ocr_par' dir='ltr' id='par_1_5' title="bbox 47 1090 1819 1646">
     <span class='ocr_line' id='line_1_13' title="bbox 176 1090 1756 1194; baseline 0 -50"><span class='ocrx_word' id='word_1_93' title='bbox 176 1097 391 1161; x_wconf 86' lang='grc' dir='ltr'><strong><em>γίγνεται</em></strong></span> <span class='ocrx_word' id='word_1_94' title='bbox 430 1092 484 1144; x_wconf 82' lang='grc' dir='ltr'><strong><em>δὲ</em></strong></span> <span class='ocrx_word' id='word_1_95' title='bbox 523 1095 753 1144; x_wconf 82' lang='grc' dir='ltr'><strong><em>δυστοκία</em></strong></span> <span class='ocrx_word' id='word_1_96' title='bbox 791 1093 874 1143; x_wconf 85' lang='grc' dir='ltr'><strong><em>καὶ</em></strong></span> <span class='ocrx_word' id='word_1_97' title='bbox 903 1090 1037 1160; x_wconf 77' lang='grc' dir='ltr'><strong><em>παρὰ</em></strong></span> <span class='ocrx_word' id='word_1_98' title='bbox 1073 1090 1124 1145; x_wconf 85' lang='grc' dir='ltr'><strong><em>τὸ</em></strong></span> <span class='ocrx_word' id='word_1_99' title='bbox 1157 1095 1418 1194; x_wconf 81' lang='grc' dir='ltr'><strong><em>τερατῶδες</em></strong></span> <span class='ocrx_word' id='word_1_100' title='bbox 1448 1097 1756 1159; x_wconf 83' lang='grc' dir='ltr'><strong><em>κυίσκεσθαι,</em></strong></span> 
     </span>
     <span class='ocr_line' id='line_1_14' title="bbox 69 1171 1756 1242; baseline 0.001 -18"><span class='ocrx_word' id='word_1_101' title='bbox 69 1174 152 1224; x_wconf 81' lang='grc' dir='ltr'><strong><em>καὶ</em></strong></span> <span class='ocrx_word' id='word_1_102' title='bbox 197 1171 330 1240; x_wconf 81' lang='grc' dir='ltr'><strong><em>παρὰ</em></strong></span> <span class='ocrx_word' id='word_1_103' title='bbox 375 1171 428 1225; x_wconf 90' lang='grc' dir='ltr'><strong><em>τὸ</em></strong></span> <span class='ocrx_word' id='word_1_104' title='bbox 474 1178 822 1242; x_wconf 76' lang='grc' dir='ltr'><strong><em>γεγυμνῶσθαι</em></strong></span> <span class='ocrx_word' id='word_1_105' title='bbox 870 1173 924 1224; x_wconf 82' lang='grc' dir='ltr'><strong><em>δὲ</em></strong></span> <span class='ocrx_word' id='word_1_106' title='bbox 970 1171 1023 1226; x_wconf 87' lang='grc' dir='ltr'><strong><em>τὸ</em></strong></span> <span class='ocrx_word' id='word_1_107' title='bbox 1076 1175 1292 1242; x_wconf 87' lang='grc' dir='ltr'><strong><em>ε’μβρυον</em></strong></span> <span class='ocrx_word' id='word_1_108' title='bbox 1323 1175 1412 1226; x_wconf 82' lang='grc' dir='ltr'><strong><em>καὶ</em></strong></span> <span class='ocrx_word' id='word_1_109' title='bbox 1450 1175 1756 1241; x_wconf 88' lang='grc' dir='ltr'><strong><em>νυσσομένης</em></strong></span> 
     </span>
     <span class='ocr_line' id='line_1_15' title="bbox 47 1252 1754 1356; baseline 0.001 -50"><span class='ocrx_word' id='word_1_110' title='bbox 47 1260 149 1321; x_wconf 55' lang='grc' dir='ltr'><strong><em>,τῆς</em></strong></span> <span class='ocrx_word' id='word_1_111' title='bbox 201 1253 384 1354; x_wconf 85' lang='grc' dir='ltr'><strong><em>μήτρας</em></strong></span> <span class='ocrx_word' id='word_1_112' title='bbox 430 1252 528 1307; x_wconf 89' lang='grc' dir='ltr'><strong><em>υπὸ</em></strong></span> <span class='ocrx_word' id='word_1_113' title='bbox 575 1259 672 1306; x_wconf 88' lang='grc' dir='ltr'><strong><em>τῶν</em></strong></span> <span class='ocrx_word' id='word_1_114' title='bbox 719 1252 911 1307; x_wconf 84' lang='grc' dir='ltr'><strong><em>ὀστέων.</em></strong></span> <span class='ocrx_word' id='word_1_115' title='bbox 987 1260 1255 1323; x_wconf 82' lang='grc' dir='ltr'><strong><em>γυμνοῦται</em></strong></span> <span class='ocrx_word' id='word_1_116' title='bbox 1302 1255 1356 1307; x_wconf 82' lang='grc' dir='ltr'><strong><em>δὲ</em></strong></span> <span class='ocrx_word' id='word_1_117' title='bbox 1401 1260 1487 1308; x_wconf 80' lang='grc' dir='ltr'><strong><em>τοῦ</em></strong></span> <span class='ocrx_word' id='word_1_118' title='bbox 1538 1253 1754 1356; x_wconf 83' lang='grc' dir='ltr'><strong><em>ἐμβρυου</em></strong></span> 
     </span>
     <span class='ocr_line' id='line_1_16' title="bbox 65 1333 1753 1404; baseline 0 -17"><span class='ocrx_word' id='word_1_119' title='bbox 65 1333 118 1387; x_wconf 87' lang='grc' dir='ltr'><strong><em>τὸ</em></strong></span> <span class='ocrx_word' id='word_1_120' title='bbox 159 1333 326 1388; x_wconf 85' lang='grc' dir='ltr'><strong><em>ὀστέον</em></strong></span> <span class='ocrx_word' id='word_1_121' title='bbox 365 1333 598 1402; x_wconf 80' lang='grc' dir='ltr'><strong><em>μυδώσης</em></strong></span> <span class='ocrx_word' id='word_1_122' title='bbox 634 1340 719 1402; x_wconf 82' lang='grc' dir='ltr'><strong><em>τῆς</em></strong></span> <span class='ocrx_word' id='word_1_123' title='bbox 758 1333 953 1402; x_wconf 88' lang='grc' dir='ltr'><strong><em>σαρκός,</em></strong></span> <span class='ocrx_word' id='word_1_124' title='bbox 996 1340 1136 1387; x_wconf 85' lang='grc' dir='ltr'><strong><em>τοῦτο</em></strong></span> <span class='ocrx_word' id='word_1_125' title='bbox 1178 1335 1231 1386; x_wconf 82' lang='grc' dir='ltr'><strong><em>δὲ</em></strong></span> <span class='ocrx_word' id='word_1_126' title='bbox 1270 1337 1489 1397; x_wconf 87' lang='grc' dir='ltr'><strong><em>σπανίως</em></strong></span> <span class='ocrx_word' id='word_1_127' title='bbox 1526 1338 1753 1404; x_wconf 88' lang='grc' dir='ltr'><strong><em>γίγνεται,</em></strong></span> 
     </span>
     <span class='ocr_line' id='line_1_17' title="bbox 64 1411 1819 1485; baseline 0.002 -17"><span class='ocrx_word' id='word_1_128' title='bbox 64 1413 96 1483; x_wconf 79' lang='grc' dir='ltr'>ἢ</span> <span class='ocrx_word' id='word_1_129' title='bbox 151 1415 384 1479; x_wconf 75' lang='grc' dir='ltr'><strong><em>πολλάκις</em></strong></span> <span class='ocrx_word' id='word_1_130' title='bbox 431 1414 644 1485; x_wconf 74' lang='grc' dir='ltr'><strong><em>ἀπείρως</em></strong></span> <span class='ocrx_word' id='word_1_131' title='bbox 689 1417 1182 1485; x_wconf 81' lang='grc' dir='ltr'><strong><em>ἐμβρυουλκουμένου</em></strong></span> <span class='ocrx_word' id='word_1_132' title='bbox 1229 1421 1314 1468; x_wconf 83' lang='grc' dir='ltr'><strong><em>τοῦ</em></strong></span> <span class='ocrx_word' id='word_1_133' title='bbox 1362 1411 1580 1483; x_wconf 80' lang='grc' dir='ltr'><strong><em>ἔμβρυον</em></strong></span> <span class='ocrx_word' id='word_1_134' title='bbox 1628 1414 1752 1469; x_wconf 85' lang='grc' dir='ltr'><strong><em>ἆπο-</em></strong></span> <span class='ocrx_word' id='word_1_135' title='bbox 1778 1438 1819 1471; x_wconf 90' lang='lat'><strong><em>15</em></strong></span> 
     </span>
     <span class='ocr_line' id='line_1_18' title="bbox 66 1494 1753 1568; baseline -0.001 -19"><span class='ocrx_word' id='word_1_136' title='bbox 66 1503 283 1550; x_wconf 87' lang='grc' dir='ltr'><strong><em>σπῶνται</em></strong></span> <span class='ocrx_word' id='word_1_137' title='bbox 336 1501 391 1549; x_wconf 81' lang='grc' dir='ltr'><strong><em>αἵ</em></strong></span> <span class='ocrx_word' id='word_1_138' title='bbox 442 1496 615 1567; x_wconf 84' lang='grc' dir='ltr'><strong><em>σάρκες</em></strong></span> <span class='ocrx_word' id='word_1_139' title='bbox 667 1499 750 1550; x_wconf 81' lang='grc' dir='ltr'><strong><em>καὶ</em></strong></span> <span class='ocrx_word' id='word_1_140' title='bbox 795 1496 853 1550; x_wconf 77' lang='grc' dir='ltr'><strong><em>τὰ</em></strong></span> <span class='ocrx_word' id='word_1_141' title='bbox 898 1496 1218 1568; x_wconf 79' lang='grc' dir='ltr'><strong><em>γυμνούμενα</em></strong></span> <span class='ocrx_word' id='word_1_142' title='bbox 1266 1494 1406 1549; x_wconf 84' lang='grc' dir='ltr'><strong><em>ὀστέα</em></strong></span> <span class='ocrx_word' id='word_1_143' title='bbox 1451 1495 1618 1549; x_wconf 78' lang='grc' dir='ltr'><strong><em>νύσσει</em></strong></span> <span class='ocrx_word' id='word_1_144' title='bbox 1662 1496 1753 1564; x_wconf 79' lang='grc' dir='ltr'><strong><em>τήν</em></strong></span> 
     </span>
     <span class='ocr_line' id='line_1_19' title="bbox 67 1577 270 1646; baseline 0 0"><span class='ocrx_word' id='word_1_145' title='bbox 67 1577 270 1646; x_wconf 72' lang='grc' dir='ltr'><strong><em>μήτραν·</em></strong></span> 
     </span>
    </p>

    <p class='ocr_par' dir='ltr' id='par_1_6' title="bbox 62 1656 1816 2215">
     <span class='ocr_line' id='line_1_20' title="bbox 173 1656 1753 1729; baseline 0 -17"><span class='ocrx_word' id='word_1_146' title='bbox 173 1681 308 1728; x_wconf 92' lang='grc' dir='ltr'><strong><em>παρα</em></strong></span> <span class='ocrx_word' id='word_1_147' title='bbox 355 1660 409 1712; x_wconf 83' lang='grc' dir='ltr'><strong><em>δὲ</em></strong></span> <span class='ocrx_word' id='word_1_148' title='bbox 453 1681 513 1712; x_wconf 90' lang='grc' dir='ltr'><strong><em>τα</em></strong></span> <span class='ocrx_word' id='word_1_149' title='bbox 564 1659 629 1712; x_wconf 90' lang='grc' dir='ltr'><strong><em>δι’</em></strong></span> <span class='ocrx_word' id='word_1_150' title='bbox 682 1682 752 1712; x_wconf 95' lang='grc' dir='ltr'><strong><em>ων</em></strong></span> <span class='ocrx_word' id='word_1_151' title='bbox 781 1656 813 1727; x_wconf 83' lang='grc' dir='ltr'>ἡ</span> <span class='ocrx_word' id='word_1_152' title='bbox 854 1661 1052 1726; x_wconf 82' lang='grc' dir='ltr'><strong><em>ε’κτεξις,</em></strong></span> <span class='ocrx_word' id='word_1_153' title='bbox 1102 1662 1334 1712; x_wconf 87' lang='grc' dir='ltr'><strong><em>δυστοκία</em></strong></span> <span class='ocrx_word' id='word_1_154' title='bbox 1378 1663 1589 1729; x_wconf 86' lang='grc' dir='ltr'><strong><em>γίγνεται</em></strong></span> <span class='ocrx_word' id='word_1_155' title='bbox 1635 1659 1753 1712; x_wconf 81' lang='grc' dir='ltr'><strong><em>ὅταν</em></strong></span> 
     </span>
     <span class='ocr_line' id='line_1_21' title="bbox 63 1735 1750 1844; baseline 0.001 -51"><span class='ocrx_word' id='word_1_156' title='bbox 63 1737 95 1807; x_wconf 79' lang='grc' dir='ltr'>ἡ</span> <span class='ocrx_word' id='word_1_157' title='bbox 151 1739 309 1809; x_wconf 89' lang='grc' dir='ltr'><strong><em>μήτρα</em></strong></span> <span class='ocrx_word' id='word_1_158' title='bbox 363 1735 394 1812; x_wconf 77' lang='grc' dir='ltr'><em>ᾗ</em></span> <span class='ocrx_word' id='word_1_159' title='bbox 451 1740 763 1809; x_wconf 85' lang='grc' dir='ltr'><strong><em>στενόστομος</em></strong></span> <span class='ocrx_word' id='word_1_160' title='bbox 815 1737 847 1807; x_wconf 77' lang='grc' dir='ltr'><em>ἢ</em></span> <span class='ocrx_word' id='word_1_161' title='bbox 903 1739 1242 1844; x_wconf 43' lang='lat' dir='ltr'><strong><em>mn966wpwge</em></strong></span> <span class='ocrx_word' id='word_1_162' title='bbox 1269 1738 1302 1808; x_wconf 82' lang='grc' dir='ltr'>ἢ</span> <span class='ocrx_word' id='word_1_163' title='bbox 1358 1740 1750 1811; x_wconf 86' lang='grc' dir='ltr'><strong><em>μικροτράχηλος.</em></strong></span> 
     </span>
     <span class='ocr_line' id='line_1_22' title="bbox 62 1820 1816 1892; baseline 0.001 -18"><span class='ocrx_word' id='word_1_164' title='bbox 62 1827 202 1874; x_wconf 83' lang='grc' dir='ltr'><strong><em>τοῦτο</em></strong></span> <span class='ocrx_word' id='word_1_165' title='bbox 250 1822 304 1874; x_wconf 86' lang='grc' dir='ltr'><strong><em>δὲ</em></strong></span> <span class='ocrx_word' id='word_1_166' title='bbox 349 1825 562 1892; x_wconf 86' lang='grc' dir='ltr'><strong><em>γίγνεται</em></strong></span> <span class='ocrx_word' id='word_1_167' title='bbox 607 1821 691 1875; x_wconf 79' lang='grc' dir='ltr'><strong><em>διὰ</em></strong></span> <span class='ocrx_word' id='word_1_168' title='bbox 736 1820 919 1884; x_wconf 78' lang='grc' dir='ltr'><strong><em>πολλὰς</em></strong></span> <span class='ocrx_word' id='word_1_169' title='bbox 966 1825 1133 1886; x_wconf 85' lang='grc' dir='ltr'><strong><em>αἰτίας.</em></strong></span> <span class='ocrx_word' id='word_1_170' title='bbox 1225 1821 1344 1875; x_wconf 90' lang='grc' dir='ltr'><strong><em>όταν</em></strong></span> <span class='ocrx_word' id='word_1_171' title='bbox 1393 1844 1486 1891; x_wconf 90' lang='grc' dir='ltr'><strong><em>γαρ</em></strong></span> <span class='ocrx_word' id='word_1_172' title='bbox 1531 1821 1750 1891; x_wconf 90' lang='grc' dir='ltr'><strong><em>πρόωροι</em></strong></span> <span class='ocrx_word' id='word_1_173' title='bbox 1774 1843 1816 1875; x_wconf 83' lang='lat'><strong><em>20</em></strong></span> 
     </span>
     <span class='ocr_line' id='line_1_23' title="bbox 62 1902 1752 1973; baseline 0.001 -19"><span class='ocrx_word' id='word_1_174' title='bbox 62 1909 360 1971; x_wconf 84' lang='grc' dir='ltr'><strong><em>γαμηθεῖσαι</em></strong></span> <span class='ocrx_word' id='word_1_175' title='bbox 391 1902 667 1972; x_wconf 89' lang='grc' dir='ltr'><strong><em>συλλάβωσι</em></strong></span> <span class='ocrx_word' id='word_1_176' title='bbox 696 1905 779 1956; x_wconf 81' lang='grc' dir='ltr'><strong><em>καὶ</em></strong></span> <span class='ocrx_word' id='word_1_177' title='bbox 808 1906 1000 1956; x_wconf 81' lang='grc' dir='ltr'><strong><em>τίκτωσι</em></strong></span> <span class='ocrx_word' id='word_1_178' title='bbox 1031 1904 1232 1971; x_wconf 80' lang='grc' dir='ltr'><strong><em>μηδέπω</em></strong></span> <span class='ocrx_word' id='word_1_179' title='bbox 1262 1909 1348 1971; x_wconf 85' lang='grc' dir='ltr'><strong><em>τῆς</em></strong></span> <span class='ocrx_word' id='word_1_180' title='bbox 1380 1903 1561 1973; x_wconf 88' lang='grc' dir='ltr'><strong><em>μήτρας</em></strong></span> <span class='ocrx_word' id='word_1_181' title='bbox 1590 1905 1752 1958; x_wconf 85' lang='grc' dir='ltr'><strong><em>τέλεον</em></strong></span> 
     </span>
     <span class='ocr_line' id='line_1_24' title="bbox 63 1981 1748 2053; baseline 0.002 -19"><span class='ocrx_word' id='word_1_182' title='bbox 63 1981 345 2050; x_wconf 79' lang='grc' dir='ltr'><strong><em>ηὐξημένης</em></strong></span> <span class='ocrx_word' id='word_1_183' title='bbox 391 1984 514 2051; x_wconf 81' lang='grc' dir='ltr'><strong><em>μηδὲ</em></strong></span> <span class='ocrx_word' id='word_1_184' title='bbox 550 1991 639 2037; x_wconf 82' lang='grc' dir='ltr'><strong><em>τοῦ</em></strong></span> <span class='ocrx_word' id='word_1_185' title='bbox 677 1986 935 2053; x_wconf 81' lang='grc' dir='ltr'><strong><em>πυθμένος</em></strong></span> <span class='ocrx_word' id='word_1_186' title='bbox 973 1990 1057 2052; x_wconf 85' lang='grc' dir='ltr'><strong><em>τῆς</em></strong></span> <span class='ocrx_word' id='word_1_187' title='bbox 1094 1982 1295 2052; x_wconf 80' lang='grc' dir='ltr'><strong><em>ὑστέρας</em></strong></span> <span class='ocrx_word' id='word_1_188' title='bbox 1335 1987 1596 2048; x_wconf 89' lang='grc' dir='ltr'><strong><em>διεστῶτος.</em></strong></span> <span class='ocrx_word' id='word_1_189' title='bbox 1650 1985 1748 2053; x_wconf 81' lang='grc' dir='ltr'><strong><em>ἤδη</em></strong></span> 
     </span>
     <span class='ocr_line' id='line_1_25' title="bbox 63 2063 1752 2136; baseline 0.001 -20"><span class='ocrx_word' id='word_1_190' title='bbox 63 2065 117 2116; x_wconf 82' lang='grc' dir='ltr'><strong><em>δὲ</em></strong></span> <span class='ocrx_word' id='word_1_191' title='bbox 170 2067 252 2116; x_wconf 83' lang='grc' dir='ltr'><strong><em>καὶ</em></strong></span> <span class='ocrx_word' id='word_1_192' title='bbox 304 2064 437 2133; x_wconf 90' lang='grc' dir='ltr'><strong><em>παρά</em></strong></span> <span class='ocrx_word' id='word_1_193' title='bbox 486 2088 595 2118; x_wconf 89' lang='grc' dir='ltr'><strong><em>τινα</em></strong></span> <span class='ocrx_word' id='word_1_194' title='bbox 633 2064 852 2134; x_wconf 82' lang='grc' dir='ltr'><strong><em>φυσικὴν</em></strong></span> <span class='ocrx_word' id='word_1_195' title='bbox 890 2069 1255 2119; x_wconf 90' lang='grc' dir='ltr'><strong><em>ἰδιοσυστασίαν</em></strong></span> <span class='ocrx_word' id='word_1_196' title='bbox 1293 2063 1325 2133; x_wconf 81' lang='grc' dir='ltr'><em>ἢ</em></span> <span class='ocrx_word' id='word_1_197' title='bbox 1365 2069 1752 2136; x_wconf 81' lang='grc' dir='ltr'><strong><em>ἰδιοσυγκρισίαν</em></strong></span> 
     </span>
     <span class='ocr_line' id='line_1_26' title="bbox 64 2144 1750 2215; baseline -0.001 -16"><span class='ocrx_word' id='word_1_198' title='bbox 64 2147 348 2215; x_wconf 86' lang='grc' dir='ltr'><strong><em>παρέπεται,</em></strong></span> <span class='ocrx_word' id='word_1_199' title='bbox 387 2149 431 2199; x_wconf 90' lang='grc' dir='ltr'><strong><em>εἰ</em></strong></span> <span class='ocrx_word' id='word_1_200' title='bbox 468 2144 529 2214; x_wconf 81' lang='grc' dir='ltr'><strong><em>δὴ</em></strong></span> <span class='ocrx_word' id='word_1_201' title='bbox 570 2144 662 2215; x_wconf 81' lang='grc' dir='ltr'><strong><em>γὰρ</em></strong></span> <span class='ocrx_word' id='word_1_202' title='bbox 700 2168 826 2199; x_wconf 89' lang='grc' dir='ltr'><strong><em>ενιαι</em></strong></span> <span class='ocrx_word' id='word_1_203' title='bbox 857 2164 1005 2214; x_wconf 85' lang='grc' dir='ltr'><strong><em>φυσει</em></strong></span> <span class='ocrx_word' id='word_1_204' title='bbox 1034 2144 1124 2215; x_wconf 80' lang='grc' dir='ltr'><strong><em>τὴν</em></strong></span> <span class='ocrx_word' id='word_1_205' title='bbox 1156 2145 1343 2214; x_wconf 86' lang='grc' dir='ltr'><strong><em>μήτραν</em></strong></span> <span class='ocrx_word' id='word_1_206' title='bbox 1374 2148 1538 2215; x_wconf 82' lang='grc' dir='ltr'><strong><em>ε’χουσι</em></strong></span> <span class='ocrx_word' id='word_1_207' title='bbox 1572 2145 1750 2214; x_wconf 81' lang='grc' dir='ltr'><strong><em>μικρὰν</em></strong></span> 
     </span>
    </p>
   </div>
   <div class='ocr_carea' id='block_1_4' title="bbox 59 2235 1748 2949">
    <p class='ocr_par' dir='ltr' id='par_1_7' title="bbox 59 2235 1748 2949">
     <span class='ocr_line' id='line_1_27' title="bbox 181 2235 1747 2310; baseline 0 -26"><span class='ocrx_word' id='word_1_208' title='bbox 181 2246 206 2284; x_wconf 90' lang='grc'><strong>3</strong></span> <span class='ocrx_word' id='word_1_209' title='bbox 240 2236 487 2297; x_wconf 84' lang='grc' dir='ltr'><strong><em>σχημάτων</em></strong></span> <span class='ocrx_word' id='word_1_210' title='bbox 518 2240 644 2286; x_wconf 51' lang='lat' dir='ltr'><strong><em>Aeta</em></strong></span> <span class='ocrx_word' id='word_1_211' title='bbox 677 2240 1003 2310; x_wconf 83' lang='grc' dir='ltr'><strong><em>σχηματισμῶν</em></strong></span> <span class='ocrx_word' id='word_1_212' title='bbox 1035 2255 1072 2285; x_wconf 81' lang='lat' dir='ltr'><strong><em>c.</em></strong></span> <span class='ocrx_word' id='word_1_213' title='bbox 1169 2243 1194 2283; x_wconf 88' lang='lat'>5</span> <span class='ocrx_word' id='word_1_214' title='bbox 1229 2240 1331 2296; x_wconf 87' lang='grc' dir='ltr'><strong><em>(τρ.)</em></strong></span> <span class='ocrx_word' id='word_1_215' title='bbox 1357 2235 1466 2295; x_wconf 71' lang='grc' dir='ltr'><strong><em>γὰρε</em></strong></span> <span class='ocrx_word' id='word_1_216' title='bbox 1499 2236 1552 2283; x_wconf 84' lang='grc' dir='ltr'><strong><em>δε</em></strong></span> <span class='ocrx_word' id='word_1_217' title='bbox 1587 2253 1624 2283; x_wconf 85' lang='lat' dir='ltr'><strong><em>c.</em></strong></span> <span class='ocrx_word' id='word_1_218' title='bbox 1721 2244 1747 2284; x_wconf 92' lang='grc'>8</span> 
     </span>
     <span class='ocr_line' id='line_1_28' title="bbox 62 2293 1748 2358; baseline -0.001 -15"><span class='ocrx_word' id='word_1_219' title='bbox 62 2298 114 2343; x_wconf 90' lang='grc' dir='ltr'><strong><em>τὸ</em></strong></span> <span class='ocrx_word' id='word_1_220' title='bbox 139 2295 287 2357; x_wconf 89' lang='grc' dir='ltr'><strong><em>στόμα</em></strong></span> <span class='ocrx_word' id='word_1_221' title='bbox 319 2314 344 2343; x_wconf 85' lang='lat' dir='ltr'>c</span> <span class='ocrx_word' id='word_1_222' title='bbox 376 2300 538 2356; x_wconf 68' lang='grc' dir='ltr'><strong><em>(Δθίῑ.)·</em></strong></span> <span class='ocrx_word' id='word_1_223' title='bbox 570 2299 633 2358; x_wconf 82' lang='grc' dir='ltr'><strong><em>τῷ</em></strong></span> <span class='ocrx_word' id='word_1_224' title='bbox 666 2296 861 2355; x_wconf 88' lang='grc' dir='ltr'><strong><em>στόματι</em></strong></span> <span class='ocrx_word' id='word_1_225' title='bbox 891 2298 944 2343; x_wconf 89' lang='grc' dir='ltr'><strong><em>Ε.</em></strong></span> <span class='ocrx_word' id='word_1_226' title='bbox 1028 2294 1256 2356; x_wconf 81' lang='grc' dir='ltr'><strong><em>παρἡὧν</em></strong></span> <span class='ocrx_word' id='word_1_227' title='bbox 1290 2297 1390 2355; x_wconf 81' lang='lat' dir='ltr'>(sic)</span> <span class='ocrx_word' id='word_1_228' title='bbox 1423 2312 1447 2342; x_wconf 81' lang='lat' dir='ltr'><strong>c</strong></span> <span class='ocrx_word' id='word_1_229' title='bbox 1471 2293 1603 2354; x_wconf 82' lang='grc' dir='ltr'><strong><em>(παρ’</em></strong></span> <span class='ocrx_word' id='word_1_230' title='bbox 1614 2294 1748 2355; x_wconf 82' lang='grc' dir='ltr'><strong><em>ἡμῶν</em></strong></span> 
     </span>
     <span class='ocr_line' id='line_1_29' title="bbox 62 2344 1745 2476; baseline -0.002 -14"><span class='ocrx_word' id='word_1_231' title='bbox 62 2374 150 2461; x_wconf 65' lang='lat'><strong><em>3³:⁰²⁹</em></strong></span> <span class='ocrx_word' id='word_1_232' title='bbox 181 2344 672 2462; x_wconf 55' lang='grc' dir='ltr'><strong><em>δ’ἳέοἶὶῗοὶἶέῖῗξ</em></strong></span> <span class='ocrx_word' id='word_1_233' title='bbox 702 2357 848 2473; x_wconf 55' lang='grc' dir='ltr'><strong><em>ῗέἔῗὲῗ</em></strong></span> <span class='ocrx_word' id='word_1_234' title='bbox 866 2358 1255 2476; x_wconf 39' lang='grc' dir='ltr'><strong><em>ἓξὺωωξοοὲηρ</em></strong></span> <span class='ocrx_word' id='word_1_235' title='bbox 1286 2356 1371 2460; x_wconf 64' lang='grc' dir='ltr'><strong><em>ῗόι</em></strong></span> <span class='ocrx_word' id='word_1_236' title='bbox 1402 2355 1745 2460; x_wconf 53' lang='grc' dir='ltr'><strong><em>τοέζῗῗέέἒᾶο</em></strong></span> 
     </span>
     <span class='ocr_line' id='line_1_30' title="bbox 62 2433 1745 2534; baseline -0.001 -14"><span class='ocrx_word' id='word_1_237' title='bbox 62 2477 196 2531; x_wconf 83' lang='lat' dir='ltr'>(corr.</span> <span class='ocrx_word' id='word_1_238' title='bbox 229 2477 300 2533; x_wconf 88' lang='lat' dir='ltr'><strong><em>E).</em></strong></span> <span class='ocrx_word' id='word_1_239' title='bbox 424 2481 479 2521; x_wconf 87' lang='grc'><strong><em>16</em></strong></span> <span class='ocrx_word' id='word_1_240' title='bbox 512 2474 567 2520; x_wconf 83' lang='grc' dir='ltr'><strong><em>αἴ</em></strong></span> <span class='ocrx_word' id='word_1_241' title='bbox 593 2476 698 2520; x_wconf 85' lang='lat' dir='ltr'><strong>add.</strong></span> <span class='ocrx_word' id='word_1_242' title='bbox 731 2475 783 2519; x_wconf 88' lang='lat' dir='ltr'><strong><em>E.</em></strong></span> <span class='ocrx_word' id='word_1_243' title='bbox 909 2481 962 2520; x_wconf 88' lang='lat'><strong><em>19</em></strong></span> <span class='ocrx_word' id='word_1_244' title='bbox 995 2478 1103 2534; x_wconf 70' lang='lat' dir='ltr'><strong>post</strong></span> <span class='ocrx_word' id='word_1_245' title='bbox 1133 2433 1498 2533; x_wconf 49' lang='grc' dir='ltr'><strong><em>μιξιιρὲτράχηλος</em></strong></span> <span class='ocrx_word' id='word_1_246' title='bbox 1529 2475 1688 2519; x_wconf 70' lang='lat' dir='ltr'>omisit</span> <span class='ocrx_word' id='word_1_247' title='bbox 1721 2489 1745 2519; x_wconf 85' lang='lat' dir='ltr'>c</span> 
     </span>
     <span class='ocr_line' id='line_1_31' title="bbox 59 2534 1745 2592; baseline -0.001 -12"><span class='ocrx_word' id='word_1_248' title='bbox 59 2548 180 2592; x_wconf 77' lang='lat' dir='ltr'>quae</span> <span class='ocrx_word' id='word_1_249' title='bbox 217 2534 410 2580; x_wconf 83' lang='lat' dir='ltr'><strong>inferius</strong></span> <span class='ocrx_word' id='word_1_250' title='bbox 448 2535 631 2579; x_wconf 65' lang='grc' dir='ltr'><strong><em>ειᾱάἱᾶἰτ</em></strong></span> <span class='ocrx_word' id='word_1_251' title='bbox 668 2550 712 2592; x_wconf 90' lang='lat' dir='ltr'><strong><em>p.</em></strong></span> <span class='ocrx_word' id='word_1_252' title='bbox 749 2540 856 2591; x_wconf 89' lang='lat'>104,</span> <span class='ocrx_word' id='word_1_253' title='bbox 883 2540 1013 2580; x_wconf 86' lang='lat'><strong><em>28-</em></strong></span> <span class='ocrx_word' id='word_1_254' title='bbox 1034 2538 1139 2591; x_wconf 86' lang='lat'>105,</span> <span class='ocrx_word' id='word_1_255' title='bbox 1166 2539 1192 2578; x_wconf 85' lang='lat'>5</span> <span class='ocrx_word' id='word_1_256' title='bbox 1230 2534 1270 2577; x_wconf 93' lang='lat' dir='ltr'>D</span> <span class='ocrx_word' id='word_1_257' title='bbox 1314 2536 1451 2590; x_wconf 82' lang='lat' dir='ltr'>(quae</span> <span class='ocrx_word' id='word_1_258' title='bbox 1492 2535 1600 2578; x_wconf 74' lang='lat' dir='ltr'>ante</span> <span class='ocrx_word' id='word_1_259' title='bbox 1643 2548 1745 2591; x_wconf 85' lang='lat' dir='ltr'>ego,</span> 
     </span>
     <span class='ocr_line' id='line_1_32' title="bbox 59 2591 1743 2665; baseline -0.001 -27"><span class='ocrx_word' id='word_1_260' title='bbox 59 2597 170 2650; x_wconf 72' lang='lat' dir='ltr'><strong>post</strong></span> <span class='ocrx_word' id='word_1_261' title='bbox 199 2591 261 2646; x_wconf 79' lang='grc' dir='ltr'><strong><em>ὡς</em></strong></span> <span class='ocrx_word' id='word_1_262' title='bbox 292 2591 468 2640; x_wconf 76' lang='grc' dir='ltr'><strong><em>ἐπίπαν</em></strong></span> <span class='ocrx_word' id='word_1_263' title='bbox 485 2620 541 2626; x_wconf 94' lang='grc'>-</span> <span class='ocrx_word' id='word_1_264' title='bbox 558 2592 810 2665; x_wconf 77' lang='grc' dir='ltr'><strong><em>κέκτηνται</em></strong></span> <span class='ocrx_word' id='word_1_265' title='bbox 832 2595 1029 2639; x_wconf 71' lang='lat' dir='ltr'>inseruib</span> <span class='ocrx_word' id='word_1_266' title='bbox 1051 2593 1107 2650; x_wconf 83' lang='lat' dir='ltr'><strong><em>E)</em></strong></span> <span class='ocrx_word' id='word_1_267' title='bbox 1134 2593 1218 2638; x_wconf 80' lang='lat' dir='ltr'>sic:</span> <span class='ocrx_word' id='word_1_268' title='bbox 1250 2594 1402 2638; x_wconf 80' lang='grc' dir='ltr'><strong><em>ταῦτα</em></strong></span> <span class='ocrx_word' id='word_1_269' title='bbox 1426 2594 1560 2649; x_wconf 84' lang='lat' dir='ltr'>(corr.</span> <span class='ocrx_word' id='word_1_270' title='bbox 1586 2594 1743 2649; x_wconf 86' lang='grc' dir='ltr'><strong><em>τοῦτο)</em></strong></span> 
     </span>
     <span class='ocr_line' id='line_1_33' title="bbox 61 2649 1742 2724; baseline -0.001 -27"><span class='ocrx_word' id='word_1_271' title='bbox 61 2650 116 2697; x_wconf 73' lang='grc' dir='ltr'><strong><em>δὲ</em></strong></span> <span class='ocrx_word' id='word_1_272' title='bbox 147 2655 326 2723; x_wconf 77' lang='grc' dir='ltr'><strong><em>γίνεται</em></strong></span> <span class='ocrx_word' id='word_1_273' title='bbox 363 2650 415 2698; x_wconf 86' lang='grc' dir='ltr'><strong><em>τὸ</em></strong></span> <span class='ocrx_word' id='word_1_274' title='bbox 458 2651 582 2698; x_wconf 81' lang='grc' dir='ltr'><strong><em>εἶναι</em></strong></span> <span class='ocrx_word' id='word_1_275' title='bbox 613 2650 919 2724; x_wconf 84' lang='grc' dir='ltr'><strong><em>μικρόστομος</em></strong></span> <span class='ocrx_word' id='word_1_276' title='bbox 949 2671 979 2711; x_wconf 89' lang='grc' dir='ltr'><strong><em>η</em></strong></span> <span class='ocrx_word' id='word_1_277' title='bbox 1013 2649 1377 2711; x_wconf 83' lang='grc' dir='ltr'><strong><em>μικροτράχηλος</em></strong></span> <span class='ocrx_word' id='word_1_278' title='bbox 1408 2653 1542 2706; x_wconf 80' lang='lat' dir='ltr'>(haec</span> <span class='ocrx_word' id='word_1_279' title='bbox 1574 2652 1742 2707; x_wconf 83' lang='lat' dir='ltr'>delevi)</span> 
     </span>
     <span class='ocr_line' id='line_1_34' title="bbox 61 2707 1743 2785; baseline -0.001 -29"><span class='ocrx_word' id='word_1_280' title='bbox 61 2707 140 2756; x_wconf 79' lang='grc' dir='ltr'><strong><em>δια</em></strong></span> <span class='ocrx_word' id='word_1_281' title='bbox 171 2709 344 2764; x_wconf 81' lang='grc' dir='ltr'><strong><em>πολλὰς</em></strong></span> <span class='ocrx_word' id='word_1_282' title='bbox 374 2711 528 2764; x_wconf 80' lang='grc' dir='ltr'><strong><em>αἰτίας</em></strong></span> <span class='ocrx_word' id='word_1_283' title='bbox 551 2738 606 2744; x_wconf 95' lang='grc'><strong><em>--</em></strong></span> <span class='ocrx_word' id='word_1_284' title='bbox 633 2710 844 2785; x_wconf 81' lang='grc' dir='ltr'><strong><em>σώματος</em></strong></span> <span class='ocrx_word' id='word_1_285' title='bbox 876 2716 938 2771; x_wconf 85' lang='lat' dir='ltr'><strong><em>(p.</em></strong></span> <span class='ocrx_word' id='word_1_286' title='bbox 954 2713 1123 2769; x_wconf 85' lang='grc'><strong><em>354,1).</em></strong></span> <span class='ocrx_word' id='word_1_287' title='bbox 1204 2717 1258 2756; x_wconf 84' lang='lat'><strong><em>22</em></strong></span> <span class='ocrx_word' id='word_1_288' title='bbox 1291 2712 1374 2767; x_wconf 86' lang='grc' dir='ltr'><strong><em>τῆς</em></strong></span> <span class='ocrx_word' id='word_1_289' title='bbox 1403 2708 1602 2767; x_wconf 79' lang='grc' dir='ltr'><strong><em>ὑστέρας</em></strong></span> <span class='ocrx_word' id='word_1_290' title='bbox 1632 2710 1743 2754; x_wconf 88' lang='lat' dir='ltr'><strong><em>DE.</em></strong></span> 
     </span>
     <span class='ocr_line' id='line_1_35' title="bbox 62 2764 1745 2830; baseline -0.001 -16"><span class='ocrx_word' id='word_1_291' title='bbox 62 2764 253 2827; x_wconf 71' lang='grc' dir='ltr'><strong><em>ἀστέρος</em></strong></span> <span class='ocrx_word' id='word_1_292' title='bbox 285 2786 323 2817; x_wconf 88' lang='lat' dir='ltr'><strong><em>c.</em></strong></span> <span class='ocrx_word' id='word_1_293' title='bbox 445 2777 501 2816; x_wconf 84' lang='lat'><strong><em>23</em></strong></span> <span class='ocrx_word' id='word_1_294' title='bbox 532 2769 662 2828; x_wconf 78' lang='grc' dir='ltr'><strong><em>παρὰ</em></strong></span> <span class='ocrx_word' id='word_1_295' title='bbox 693 2770 780 2829; x_wconf 86' lang='grc' dir='ltr'><strong><em>τὴν</em></strong></span> <span class='ocrx_word' id='word_1_296' title='bbox 812 2789 862 2828; x_wconf 84' lang='grc' dir='ltr'><strong><em>φ.</em></strong></span> <span class='ocrx_word' id='word_1_297' title='bbox 898 2786 922 2816; x_wconf 89' lang='lat' dir='ltr'>c</span> <span class='ocrx_word' id='word_1_298' title='bbox 953 2774 1086 2830; x_wconf 84' lang='lat' dir='ltr'><strong>(corr.</strong></span> <span class='ocrx_word' id='word_1_299' title='bbox 1107 2771 1177 2829; x_wconf 87' lang='lat' dir='ltr'><strong><em>E).</em></strong></span> <span class='ocrx_word' id='word_1_300' title='bbox 1301 2769 1632 2815; x_wconf 86' lang='grc' dir='ltr'><strong><em>διοσυστασίαν</em></strong></span> <span class='ocrx_word' id='word_1_301' title='bbox 1663 2770 1745 2813; x_wconf 80' lang='grc' dir='ltr'><strong><em>καὶ</em></strong></span> 
     </span>
     <span class='ocr_line' id='line_1_36' title="bbox 62 2829 1744 2903; baseline -0.001 -30"><span class='ocrx_word' id='word_1_302' title='bbox 62 2832 334 2886; x_wconf 78' lang='grc' dir='ltr'><strong><em>συνκρισίαν</em></strong></span> <span class='ocrx_word' id='word_1_303' title='bbox 365 2845 390 2875; x_wconf 86' lang='lat'>0</span> <span class='ocrx_word' id='word_1_304' title='bbox 422 2832 555 2888; x_wconf 84' lang='lat' dir='ltr'>(corr.</span> <span class='ocrx_word' id='word_1_305' title='bbox 587 2832 628 2875; x_wconf 94' lang='lat' dir='ltr'>D</span> <span class='ocrx_word' id='word_1_306' title='bbox 662 2831 745 2887; x_wconf 87' lang='lat' dir='ltr'><strong><em>qui</em></strong></span> <span class='ocrx_word' id='word_1_307' title='bbox 776 2829 1031 2903; x_wconf 78' lang='grc' dir='ltr'><strong><em>σύγκρισιν,</em></strong></span> <span class='ocrx_word' id='word_1_308' title='bbox 1065 2829 1434 2888; x_wconf 79' lang='grc' dir='ltr'><strong><em>ἰδιοσυγκρισιάν</em></strong></span> <span class='ocrx_word' id='word_1_309' title='bbox 1465 2829 1556 2886; x_wconf 79' lang='lat' dir='ltr'><strong>E2).</strong></span> <span class='ocrx_word' id='word_1_310' title='bbox 1686 2833 1744 2872; x_wconf 83' lang='lat'>24</span> 
     </span>
     <span class='ocr_line' id='line_1_37' title="bbox 63 2883 1743 2949; baseline -0.001 -16"><span class='ocrx_word' id='word_1_311' title='bbox 63 2887 322 2946; x_wconf 75' lang='grc' dir='ltr'><strong><em>παρέπεται</em></strong></span> <span class='ocrx_word' id='word_1_312' title='bbox 361 2891 615 2935; x_wconf 83' lang='grc' dir='ltr'><strong><em>δυστοκυῖα</em></strong></span> <span class='ocrx_word' id='word_1_313' title='bbox 656 2888 746 2947; x_wconf 87' lang='grc' dir='ltr'><strong><em>ἤδη</em></strong></span> <span class='ocrx_word' id='word_1_314' title='bbox 784 2907 874 2949; x_wconf 84' lang='grc' dir='ltr'><strong><em>γαρ</em></strong></span> <span class='ocrx_word' id='word_1_315' title='bbox 919 2889 1045 2936; x_wconf 80' lang='grc' dir='ltr'><strong><em>ἔνιαι</em></strong></span> <span class='ocrx_word' id='word_1_316' title='bbox 1087 2906 1139 2946; x_wconf 87' lang='grc' dir='ltr'><strong><em>φ.</em></strong></span> <span class='ocrx_word' id='word_1_317' title='bbox 1183 2903 1208 2935; x_wconf 82' lang='lat' dir='ltr'><strong>c</strong></span> <span class='ocrx_word' id='word_1_318' title='bbox 1253 2891 1318 2946; x_wconf 80' lang='grc' dir='ltr'><strong><em>(π.</em></strong></span> <span class='ocrx_word' id='word_1_319' title='bbox 1362 2886 1486 2934; x_wconf 80' lang='grc' dir='ltr'><strong><em>ἔνιαι</em></strong></span> <span class='ocrx_word' id='word_1_320' title='bbox 1522 2904 1613 2945; x_wconf 83' lang='grc' dir='ltr'><strong><em>γαρ</em></strong></span> <span class='ocrx_word' id='word_1_321' title='bbox 1653 2883 1743 2944; x_wconf 80' lang='grc' dir='ltr'><strong><em>φύ-</em></strong></span> 
     </span>
    </p>
   </div>
   <div class='ocr_carea' id='block_1_5' title="bbox 150 2966 1475 3014">
    <p class='ocr_par' dir='ltr' id='par_1_8' title="bbox 150 2966 1475 3014">
     <span class='ocr_line' id='line_1_38' title="bbox 150 2966 1475 3014; baseline 0.008 -10"><span class='ocrx_word' id='word_1_322' title='bbox 150 2970 328 3014; x_wconf 73' lang='lat' dir='ltr'>Soranus,</span> <span class='ocrx_word' id='word_1_323' title='bbox 351 2970 409 3005; x_wconf 82' lang='lat' dir='ltr'><strong><em>ed.</em></strong></span> <span class='ocrx_word' id='word_1_324' title='bbox 432 2973 544 3007; x_wconf 72' lang='lat' dir='ltr'>Rose-</span> <span class='ocrx_word' id='word_1_325' title='bbox 1420 2966 1475 3006; x_wconf 72' lang='lat'><strong><em>23</em></strong></span> 
     </span>
    </p>
   </div>
  </div>
 </body>
</html>
