2014 3162
731 121 1134 175 -185—

89 260 291 324 κρίσεως
320 252 596 322 ἀρξάμενον
628 252 726 307 ἀπὸ
752 251 918 323 ὀλίγου
949 252 1168 321 πρόεισιν
1198 256 1276 307 ε’πὶ
1299 262 1467 309 πλεῖον
1489 257 1571 308 καὶ
1595 254 1773 324 χρόνον

90 334 198 389 τινὰ
245 335 377 403 μένει
423 335 501 387 ἐπὶ
545 340 632 388 τοῦ
677 333 830 388 αὐτοῦ
875 336 957 386 καὶ
1003 333 1151 387 πάλιν
1190 337 1462 389 ἐλαττοῦται
1498 338 1581 388 καὶ
1620 335 1774 399 οὕτως

90 414 396 470 ἀποπαύεται
436 419 639 482 τελείως,
679 415 789 469 οὔτε
826 413 993 484 τάχιον
1033 417 1154 469 ἐτῶν
1183 415 1538 485 τεσσαράκοντα
1567 416 1690 468 κατὰ
1721 415 1774 469 τὸ

93 503 316 550 πλεῖστον
355 496 465 550 οὔτε
503 496 712 565 βράδιον
752 498 873 551 ἐτῶν
910 496 1225 565 πεντήκοντα.
1279 499 1362 550 καὶ
1400 503 1496 550 νῦν
1535 498 1588 550 δὲ
1626 497 1775 565 πρόσ-

99 599 250 632 κειται
303 575 356 631 τὸ
409 575 532 630 κατὰ
583 576 636 631 τὸ
690 584 926 631 πλεῖστον.
1003 579 1156 642 ἐνίαις
1210 578 1304 648 γὰρ
1357 580 1436 631 καὶ
1493 581 1628 646 μέχρι
1679 584 1775 630 τῶν

90 659 326 727 ἐξήκοντα
371 660 640 726 παραμένει
684 657 715 726 ἡ
755 658 1013 728 κάθαρσις.
1088 658 1119 728 ἡ
1160 662 1323 728 μέντοι
1362 658 1659 727 συναύξησις
1696 661 1778 712 καὶ

90 738 123 808 ἡ
163 744 358 808 μείωσις
396 738 487 808 οὐχ
526 739 681 804 οὕτως
718 744 931 809 γίγνεται
969 739 1091 808 πρὸς
1129 738 1398 810 ἀκρίβειαν,
1439 738 1505 803 ὡς
1534 738 1777 808 ὑπενόησε

85 827 352 889 Διοκλῆς
404 823 558 890 λέγων
597 821 902 890 <ἕπι>μένον
942 819 1059 874 αὐτὸ
1100 823 1236 891 μέχρι
1274 824 1395 875 ε’τῶν
1433 820 1666 889 ἐξήκοντα
1710 825 1778 890 γί-

94 910 303 972 γνεσθαι
349 902 583 970 (πρῶτον
622 900 810 972 ὀλίγον,
861 903 1059 971 ἔπειτα)
1098 905 1303 969 τέλειον,
1350 900 1449 955 εἶτα
1489 910 1661 970 μεῖναν
1700 904 1784 955 ε’πί

88 1006 196 1037 τινα
233 981 414 1052 χρόνον
452 982 738 1052 προ<ελθὸν
793 982 946 1051 μετὰ>
973 989 1115 1037 τοῦτο
1167 982 1316 1036 πάλιν
1370 982 1618 1036 παύεσθαι
1655 983 1779 1052 πρὸς

85 1064 232 1135 λόγον
278 1063 711 1134 ἐλαττού<μενον>.
796 1071 937 1118 τοῦτο
985 1063 1079 1134 γὰρ
1119 1062 1179 1118 οὐ
1219 1067 1480 1132 διηνεκῶς,
1519 1064 1686 1128 ἄλλαις
1726 1066 1778 1118 δὲ

89 1145 247 1209 ἄλλως
285 1144 406 1198 κατὰ
444 1144 497 1199 τὸ
538 1144 765 1215 ἀόριστον
803 1145 1058 1209 πλεονάζει
1087 1167 1136 1198 τε
1167 1147 1248 1198 καὶ
1281 1150 1513 1213 μειοῦται.
1567 1144 1619 1199 τὸ
1650 1152 1779 1198 πλεῖ-

87 1245 200 1280 στον
240 1226 294 1280 δὲ
331 1225 634 1295 καταμήνιον
666 1231 811 1281 δυοῖν
844 1229 941 1280 ἐστὶ
972 1233 1203 1281 κοτυλῶν.
1259 1228 1343 1280 καὶ
1372 1233 1513 1281 τοῦτο
1546 1227 1600 1279 δὲ
1631 1226 1779 1280 πάλιν

85 1314 171 1362 τοῦ
212 1306 278 1371 ὡς
316 1309 395 1360 ἐπὶ
432 1306 485 1361 τὸ
524 1307 650 1361 πολὺ
689 1308 1174 1377 παραστοχασάμενοι
1211 1309 1425 1377 λέγομεν.

200 1396 284 1442 21.
317 1392 642 1458 καθαίρονται
667 1391 721 1442 δέ
743 1411 870 1453 τινες
894 1389 982 1457 μὲν
1006 1390 1086 1442 ἐπὶ
1110 1393 1227 1457 μίαν
1250 1387 1453 1457 ἡμέραν,
1477 1389 1602 1452 τινὲς
1628 1389 1682 1441 δὲ
1699 1389 1779 1441 ἐπὶ

88 1470 197 1538 δύο,
227 1471 353 1533 τινὲς
387 1470 441 1523 δὲ
466 1471 600 1539 μέχρι
622 1472 704 1523 καὶ
727 1477 811 1539 τῆς
845 1469 1058 1540 ἑβδόμης
1079 1472 1163 1523 καὶ
1186 1471 1466 1538 περαιτέρω,
1492 1473 1547 1521 αἵ
1564 1476 1779 1522 πλεῖσται

90 1552 143 1604 δὲ
179 1554 315 1620 μέχρι
352 1557 499 1620 τριῶν
536 1549 569 1619 ἢ
609 1551 869 1621 τεσσάρων.
927 1552 1010 1604 καὶ
1048 1557 1188 1604 τοῦτο
1225 1555 1438 1621 γίγνεται
1475 1549 1596 1603 κατα
1629 1555 1776 1619 μῆνα,

90 1634 172 1685 καὶ
217 1631 277 1686 οὗ
316 1631 440 1699 πρὸς
478 1631 732 1701 ἀκρίβειαν
771 1634 851 1686 ἐπὶ
888 1638 1062 1685 πασῶν
1100 1630 1221 1685 ἄλλα
1259 1630 1381 1684 κατὰ
1420 1630 1613 1695 πλάτος.
1680 1633 1777 1684 ἔστι

88 1712 183 1784 γὰρ
237 1712 314 1767 ’ότε
360 1715 444 1766 καὶ
487 1713 958 1783 προπαραλαμβάνει
1012 1710 1148 1776 τινας
1193 1710 1374 1782 ’ἡμέρας
1426 1710 1458 1780 ἢ
1511 1714 1779 1780 ἔφυστερεῑ.

86 1801 226 1849 τοῦτο
283 1795 336 1848 δὲ
386 1797 440 1847 ε’ν
491 1795 665 1865 ἑκάστη
716 1795 837 1848 κατὰ
882 1794 974 1863 τὴν
1027 1798 1162 1847 ἰδίαν
1211 1793 1403 1867 ἀπαντᾷ
1452 1797 1778 1862 προθεσμίαν,

87 1877 170 1928 καὶ
209 1874 270 1929 οὗ
421 1874 543 1929 κατὰ
580 1874 666 1939 τὰς
704 1875 854 1940 αὐτάς
1005 1876 1170 1942 ὥσπερ
1218 1874 1243 1929 ὁ
1289 1881 1548 1942 Διοκλῆς
1586 1875 1779 1942 <φησι>

90 1956 290 2024 πάσαις,
328 1959 412 2010 καὶ
448 1957 598 2010 πάλιν
630 1956 1056 2026 Ἐμπεδοκλῆς,
1102 1958 1450 2024 ἐλαττουμένου
1489 1961 1576 2009 τοῦ
1616 1953 1779 2023 φωτὸς

213 2139 235 2176 1
272 2128 366 2176 απὸ
401 2127 559 2188 ὀλίγον
593 2131 753 2201 (sic)c
888 2148 964 2187 πρ.
998 2128 1075 2177 ε’πὶ
1107 2133 1302 2176 πλείονα
1334 2128 1503 2187 χρόνον
1535 2129 1616 2173 καὶ
1647 2127 1779 2186 μένει

92 2205 116 2235 c
148 2193 280 2249 (corr.
305 2190 376 2248 Ε).
517 2195 542 2234 5
576 2188 628 2234 τὸ
659 2188 779 2235 κατὰ
813 2187 867 2236 τὸ
899 2195 1114 2236 πλεῖστον
1147 2188 1397 2261 γινόμενον
1433 2202 1457 2232 c
1491 2190 1609 2257 (γιν.
1629 2188 1778 2258 omisi,

93 2265 198 2295 oum
236 2250 325 2294 DE
366 2248 574 2295 scribanss
604 2246 883 2318 πρόκειται).
1067 2256 1091 2294 7
1134 2266 1283 2299 ουτως
1314 2250 1493 2304 γίνεται
1524 2243 1642 2302 πρὸς
1674 2241 1776 2302 cinq.

92 2310 258 2367 (si0)c.
382 2313 408 2354 8
440 2309 588 2365 λέγων
679 2306 823 2366 μένον
857 2310 982 2365 (post
1014 2308 1173 2354 album
1202 2309 1252 2352 in
1284 2307 1418 2351 initio
1450 2320 1609 2350 versus
1641 2305 1777 2349 unius

91 2369 215 2414 conti
217 2368 388 2426 metri).
509 2369 731 2424 ’γίνεσθαι
821 2366 1001 2413 τέλειον
1034 2371 1160 2425 (post
1183 2366 1343 2411 album
1375 2371 1400 2410 2
1428 2366 1532 2421 cm.)
1560 2378 1584 2409 c
1609 2364 1777 2421 (suppl.

90 2426 352 2483 E).10
383 2424 522 2483 πρόει
612 2427 750 2471 τοῦτο
784 2428 909 2484 (post
938 2427 1098 2471 album
1129 2432 1155 2470 2
1190 2427 1296 2482 cm.)
1329 2439 1366 2469 c.
1499 2429 1551 2468 11
1588 2422 1779 2468 ἔλαττον

98 2485 195 2543 (sic)
310 2488 448 2531 τοῦτο
483 2487 607 2542 (posia
638 2486 798 2530 album
831 2492 856 2531 2
891 2489 997 2542 cm.)
1028 2501 1065 2530 c.
1221 2490 1274 2528 12
1309 2479 1586 2536 πλεονάζειν
1617 2480 1666 2526 τὲ
1699 2482 1779 2526 καὶ

91 2546 346 2603 μειοῦσθαι
376 2559 401 2589 c
446 2547 579 2601 (corr.
611 2545 683 2602 E).
861 2551 913 2589 13
947 2543 1155 2589 κοτυλων
1187 2543 1288 2599 (sic)
1323 2557 1348 2587 c
1381 2539 1622 2599 (κοτύλαιν
1653 2540 1777 2595 DE).

208 2609 272 2647 14
303 2604 387 2648 τοῦ
420 2603 525 2648 add.
558 2602 612 2649 E.
763 2600 1244 2660 παραστοχασάμενον
1278 2616 1301 2646 c
1334 2604 1466 2674 (corr.
1499 2600 1570 2656 E).
1724 2604 1778 2642 16

96 2660 230 2719 μέχρι
260 2662 343 2706 καὶ
372 2679 409 2707 τ.
445 2661 604 2718 (sic)c
579 2662 734 2716 c(ubi
766 2663 845 2706 καὶ
878 2677 966 2707 om.
1001 2661 1124 2719 E²p
1092 2678 1136 2719 p.
1174 2664 1259 2716 16).
1390 2657 1446 2703 αἱ
1473 2673 1561 2704 0111.
1596 2673 1620 2702 e
1653 2657 1778 2714 (add

97 2719 169 2776 Ε).
261 2725 318 2765 20
349 2737 538 2779 απαντα
572 2720 673 2792 (sic)
707 2735 731 2764 c
764 2722 894 2777 (corr.
927 2720 1001 2777 D).
1102 2726 1156 2764 21
1190 2721 1300 2776 post
1331 2714 1387 2763 οὗ
1419 2717 1578 2761 album
1612 2720 1668 2773 12}
1691 2730 1776 2760 cm.

95 2778 143 2822 in
175 2792 213 2835 e,
244 2779 360 2824 item
389 2783 495 2836 post
526 2775 676 2830 αὐτὰς
708 2785 734 2823 2
753 2793 838 2824 cm.
873 2781 920 2824 et
949 2775 1112 2837 posta
1088 2779 1251 2834 o(sic)
1285 2773 1473 2832 διοκλὴς
1506 2779 1561 2832 13
1579 2789 1666 2819 cm.
1698 2773 1778 2817 ubi

96 2875 210 2915 φησι
242 2860 345 2903 add.
378 2858 430 2904 E.
554 2865 609 2904 22
642 2843 746 2904 πάσ
781 2860 826 2915 (i.
862 2874 899 2904 e.
932 2857 1103 2915 πάσας)
1136 2873 1161 2903 c
1195 2860 1325 2914 (corr.
1361 2849 1459 2913 d).’

1803 1005 1847 1037 10

1804 1406 1847 1439 15

1802 1813 1846 1845 20
