2014 3162
781 109 1179 161 —243—

130 238 380 310 χαλβάνην
412 239 683 307 μελάνθιον
716 238 1010 309 ἀρτεμισίαν,
1073 241 1352 309 Στράτων
1377 244 1431 296 δὲ
1456 243 1481 298 ὁ
1509 244 1820 316 Ἐρασιστρά-

129 343 251 384 τειος
289 323 357 384 εἰς
393 319 574 389 χύτραν
606 319 830 390 ἀργυρᾶν
859 318 893 389 ἢ
924 327 1111 390 χαλκῆν
1141 324 1403 395 κασσιτέρῳ
1435 329 1821 396 περικεχυμένην

129 401 359 470 ἀρώματα
398 399 560 470 βάλλει
603 402 791 470 νάρδον
829 405 1030 469 κασίαν,
1078 404 1144 456 ἔτι
1185 404 1239 456 δὲ
1286 403 1497 474 πράσιον
1543 405 1823 475 ἀρτεμισίαν

129 486 392 551 δίκταμνον
432 483 667 537 σούσινον
706 482 909 554 ῥόδινον
948 483 1053 551 μέλι
1092 486 1175 537 καὶ
1207 483 1451 554 κρατήσας
1483 484 1537 539 τὸ
1569 487 1821 554 πωμάτιον

127 562 360 618 αὐλίσκον
396 567 721 633 περιτίθησιν,
761 559 821 618 οὗ
859 563 912 618 τὸ
952 565 1116 634 ἕτερον
1155 567 1307 635 πέρας
1346 570 1414 630 εἰς
1452 565 1504 620 τὸ
1537 575 1818 636 γυναικεῖον
1843 591 1867 624 5

126 643 320 714 ἁρμόζει
365 648 561 700 αἰδοῖον
607 647 690 699 καὶ
734 651 888 718 πυριᾷ
932 645 1048 709 τοὺς
1095 646 1277 711 τόπους
1326 647 1392 701 δι’
1445 647 1612 718 ὀλίγου
1664 648 1821 719 πυρὸς

125 724 509 795 ἀναθερμαίνων
546 725 603 779 τά
643 725 826 796 ἀγγεῖα.
904 732 1188 791 Μαντίας
1228 729 1282 782 δὲ
1320 734 1729 798 παρακατακλίνει
1765 729 1818 784 τὸ

124 809 310 875 βρέφος
354 815 456 871 τοῖς
502 815 676 876 μηροῖς
720 814 806 875 τῆς
843 807 1087 876 κυούσης,
1134 812 1217 862 ἵνα
1256 809 1340 863 διὰ
1377 817 1463 878 τῆς
1503 814 1683 874 οἰκείας
1722 811 1822 878 φύ-

126 908 248 952 σεως
292 891 375 942 καὶ
418 889 662 958 κινήνεως
707 894 849 943 τοῦτο
896 889 1156 957 ἐφέλκηται
1202 889 1254 943 τὸ
1301 890 1483 960 χόριον.
1564 891 1630 960 μὴ
1672 898 1819 955 σωζο-

124 972 273 1038 μένης
312 969 367 1023 δὲ
404 977 490 1038 τῆς
527 969 652 1039 πρὸς
689 968 742 1024 τὸ
781 970 968 1038 βρέφος
1008 976 1094 1024 τοῦ
1133 974 1302 1039 χορίου
1342 976 1591 1041 συνεχείας
1633 972 1815 1041 μολύβ-
1842 997 1886 1030 10

124 1055 216 1105 δου
256 1052 464 1121 μέγεθος
503 1053 558 1105 ἐκ
594 1057 681 1106 τοῦ
713 1050 1434 1121 προέχοντοςάποκρήμνησιν,
1472 1056 1554 1106 ἵνα
1585 1060 1651 1126 τῷ
1682 1052 1822 1124 βάρει

121 1139 448 1204 κατασπασθῇ
487 1132 540 1187 τὸ
580 1132 763 1202 χόριον.

237 1221 330 1268 72«
374 1214 535 1268 πάντα
583 1215 637 1268 δὲ
684 1213 913 1283 μοχθηρὰ
960 1212 1018 1267 τὰ
1056 1217 1396 1284 προειρημένα.
1478 1214 1559 1269 διὰ
1600 1216 1688 1284 μὲν
1728 1215 1822 1285 γὰρ

120 1302 218 1349 τῶν
256 1302 540 1365 πταρμικῶν
579 1294 605 1349 ὃ
644 1299 825 1349 πλείων
864 1295 1151 1365 σπαραγμὸς
1188 1300 1462 1366 παραυτίκα
1502 1297 1591 1364 μὲν
1638 1295 1724 1350 τὸν
1771 1299 1822 1360 ἐξ

121 1380 464 1447 αἰμορραγίας,
511 1376 713 1446 ὕστερον
763 1377 817 1430 δὲ
854 1375 940 1430 τὸν
979 1379 1032 1430 έκ
1070 1385 1300 1446 νευρικῆς
1339 1381 1651 1446 συμπαθείας
1698 1376 1818 1431 ἀπο·
1843 1400 1886 1434 15

119 1466 247 1512 τελεῖ
293 1458 471 1528 φόβον.
564 1457 621 1511 τὰ
677 1458 731 1511 δὲ
783 1461 1052 1526 ποτίσματα
1109 1466 1261 1513 κακοῖ
1305 1457 1391 1513 τὸν
1447 1458 1687 1528 στόμαχον
1737 1460 1818 1512 καὶ

120 1540 400 1610 ἀνατρέπει,
453 1539 511 1593 τὰ
560 1540 614 1592 δὲ
662 1539 919 1610 αἷμαγωγὰ
966 1539 1203 1609 πεσσάρια
1252 1539 1497 1594 δάκνοντα
1545 1541 1629 1593 καὶ
1678 1538 1818 1593 ἀνελ-

119 1628 302 1675 κοῦντα
333 1619 589 1690 σπασμοὺς
618 1622 700 1674 καὶ
734 1619 976 1684 συνολκὰς
1001 1622 1083 1674 καὶ
1109 1625 1420 1690 συμπαθείας
1443 1619 1819 1690 παρασκεύαζει,

119 1701 322 1771 πλήσσει
360 1703 414 1756 δὲ
448 1705 627 1773 βιαίως
665 1703 748 1754 καὶ
786 1699 813 1755 ὃ
853 1702 1184 1771 κατασεισμός.
1255 1702 1308 1756 τὸ
1350 1703 1403 1755 δὲ
1442 1700 1678 1755 ὁπωσοῦν
1717 1703 1819 1755 ἐπι-

120 1790 340 1837 σπᾶσθαι
378 1782 430 1837 τὸ
470 1782 638 1853 χόριον
678 1781 762 1836 διὰ
799 1781 885 1837 τὸν
924 1782 1217 1853 σπαραγμὸν
1256 1782 1543 1853 φλεγμονὴν
1583 1783 1816 1852 ἐπιφέρει,
1840 1806 1887 1838 20

117 1867 202 1918 καὶ
241 1863 489 1918 ἀδύνατον
528 1859 657 1919 ὅπου
698 1865 879 1933 μέμυκε
920 1862 972 1918 τὸ
1013 1863 1213 1933 στόμιον
1250 1867 1332 1919 καὶ
1372 1859 1521 1919 οὐδὲν
1564 1867 1822 1933 προπίπτει

119 1951 206 2000 τοῢ
244 1949 414 2015 χορίου
454 1946 611 2013 μέρος.
672 1943 730 1997 τὰ
763 1945 816 1997 δὲ
849 1943 1236 2014 ’ὕποθυμιάματα
1269 1945 1520 2017 δριμύτητι
1552 1944 1644 2013 τὴν
1675 1952 1817 2014 φλεγ-

118 2026 278 2095 μονὴν
333 2025 470 2090 αὔξει
523 2027 607 2078 καὶ
661 2034 948 2095 συμπληροῖ
1001 2025 1091 2095 τὴν
1147 2027 1380 2096 κεφαλήν.
1475 2025 1557 2080 διὰ
1621 2027 1675 2078 δὲ
1734 2025 1819 2079 τὸν

119 2107 270 2162 αὐτὸν
310 2105 513 2177 λόγονὴ
554 2106 652 2161 ἀπὸ
691 2114 788 2160 τῶν
826 2106 1100 2177 ἀρωμάτων
1138 2113 1293 2176 πυρία
1322 2107 1578 2178 περίεργός
1609 2110 1706 2159 ἐστι
1736 2109 1818 2159 καὶ

118 2188 144 2243 ὅ
183 2188 303 2244 κατὰ
341 2189 394 2243 τὸ
435 2190 597 2257 ἕτερον
634 2189 784 2257 πέρας
822 2189 1076 2256 τιθέμενος
1118 2193 1186 2253 εἷς
1215 2188 1268 2242 τὸ
1301 2195 1584 2258 γυναικεῖον
1623 2191 1816 2241 αἰδοῖον
1839 2210 1882 2244 25

118 2270 344 2335 αὖλίσκος
390 2277 446 2344 τῇ
494 2269 713 2324 διαδόσει
758 2272 1103 2339 πυρουμένους
1152 2271 1429 2339 περιφλέγει
1469 2267 1584 2333 τοὺς
1621 2267 1814 2331 τόπους.

117 2354 350 2421 πολέμιον
389 2352 442 2404 δὲ
473 2353 555 2404 καὶ
585 2351 638 2404 τὸ
672 2350 753 2404 διὰ
785 2357 870 2419 τῆς
903 2351 1199 2421 έξαρτίσεως
1233 2357 1320 2405 τοῦ
1352 2349 1608 2420 μολύβδου
1641 2353 1814 2419 βιαίως

117 2432 206 2502 τὴν
254 2436 463 2501 ἔκφυσιν
509 2431 770 2500 ἀποσπᾶν,
815 2435 898 2486 καὶ
945 2439 1129 2502 μᾶλλον
1179 2432 1278 2501 ἤδη
1326 2436 1613 2501 φλεγμονῆς
1658 2428 1812 2497 ὑπαρ-

117 2514 315 2583 χούσης,
353 2513 389 2583 ἥ
426 2536 474 2568 τε
513 2520 598 2568 τοῦ
637 2518 807 2584 χορίου
848 2513 929 2567 διὰ
969 2519 1057 2568 τοῦ
1097 2517 1237 2567 λίνου
1278 2515 1470 2582 σφίγξις
1510 2511 1685 2576 ἄτονος
1725 2512 1813 2579 μὲν

236 2680 262 2718 2
295 2671 522 2730 κασιτέρω
556 2687 596 2718 ο.
734 2680 760 2718 3
793 2676 992 2719 κασσίαν
1025 2689 1063 2719 c.
1201 2670 1436 2730 πράσσεον
1469 2686 1508 2716 c.
1636 2677 1659 2715 7
1692 2686 1807 2728 μαν-

118 2734 245 2784 τείας
277 2747 314 2777 e.
460 2739 486 2779 9
518 2734 686 2778 τοῦτον
723 2733 825 2805 (sio)
858 2748 896 2779 c.
1043 2738 1096 2778 10
1130 2733 1354 2791 μολίβδου
1387 2746 1423 2776 c
1583 2736 1634 2773 11
1668 2744 1807 2785 προσ-

120 2790 306 2862 έχοντος
337 2806 361 2837 c
380 2794 525 2864 (corr.
557 2792 629 2849 Ε).
753 2788 1095 2850 ἀποκριμνήσοι
1129 2806 1165 2838 c.
1289 2797 1344 2836 26
1377 2786 1677 2847 πυρούμενον
1710 2802 1745 2831 c

117 2855 173 2895 29
206 2846 238 2907 ἥ
268 2867 338 2896 τες
370 2848 475 2908 ἤτοι
507 2864 546 2895 c.
670 2853 874 2909 σφίξασα
907 2866 931 2896 c
965 2854 1096 2908 (corr.
1130 2851 1201 2907 Ε).

1454 2920 1540 2965 16*
