2014 3162
916 125 1322 178 -222—

280 260 362 310 δεῖ
393 257 723 324 φυλάττεσθαι
767 256 831 324 μὴ
874 255 955 309 διὰ
994 255 1080 310 τὸν
1118 260 1320 309 πλείονα
1361 258 1511 312 σάλον
1549 264 1636 312 τοῦ
1675 261 1844 327 χορίου
1884 261 1966 328 ῥα-

279 338 443 407 γέντος
498 337 748 412 ἀποκριθῇ
789 338 876 405 μὲν
914 335 966 390 τὸ
1007 338 1061 389 ἐν
1098 335 1231 410 αὐτῷ
1271 338 1622 407 συλλεγόμενον
1660 337 1838 408 ὑγρόν,
1886 341 1967 392 ἐπὶ

278 423 400 491 ξηρᾷ
448 419 500 471 δὲ
549 425 607 492 τῇ
655 419 826 487 κυήσει
871 417 1254 485 κατασπώμενον
1298 417 1351 471 τὸ
1399 421 1615 489 ἔμβρυον
1660 419 1744 474 τὸν
1794 418 1965 474 κοινὸν

277 497 399 566 πρὸς
445 498 535 566 τὴν
587 505 940 569 κυοφοροῢσαν
989 503 1229 552 κίνδυνον
1282 497 1518 571 ὑπομένῃ.
1596 499 1717 552 κατὰ
1773 501 1827 553 δὲ
1878 499 1967 554 τὸν

232 603 253 635 5
278 581 426 647 μέσον
471 580 651 650 χρόνον
690 579 972 642 ἀνύποπτος
1012 580 1101 647 μὲν
1138 578 1170 648 ἡ
1209 583 1423 647 κίνησις,
1471 581 1858 650 μικρομεγέθους
1896 583 1964 634 ἔτι

276 661 415 724 ὄντος
469 668 556 715 τοῦ
609 660 730 714 κατὰ
785 659 988 730 γαστρὸς
1041 662 1124 713 καὶ
1179 653 1412 728 ἀσφαλῶς
1464 662 1826 730 προσεχομένου
1879 663 1963 714 καὶ

274 741 420 811 μήπω
467 740 690 812 χάλασμα
735 741 862 796 πολὺ
907 747 995 795 τοῦ
1041 745 1211 811 χορίου
1251 743 1375 811 μηδὲ
1428 741 1650 795 διάτασιν
1689 741 1960 810 εἰληφότος,

273 825 562 892 συνέχοντος
609 826 663 878 δὲ
714 831 897 893 μᾶλλον
941 821 993 875 τὸ
1034 825 1263 892 ἔμβρυον.
1341 825 1630 892 έπιθεωρεΐν
1670 823 1725 876 δὲ
1764 818 1958 876 δίκαιον
1995 826 1998 827 ’

271 903 361 971 τὴν
413 911 499 973 τῆς
536 903 739 975 γαστρὸς
779 903 1069 974 διόγκωσιν,
1130 907 1173 956 εἰ
1210 903 1279 972 μή
1315 927 1423 957 τινα
1469 911 1646 972 σημεῖα
1693 904 1960 972 παρέπεται

206 1007 249 1038 10
273 984 416 1054 ἐγγὺς
455 985 606 1054 ουσης
643 992 729 1054 τῆς
767 985 1051 1052 ἆποτέξεως,
1092 985 1215 1054 άπερ
1255 985 1612 1054 ἀναγράψομεν
1643 984 1860 1053 ὕστερον.
1918 987 1967 1037 εἰ
1986 983 2014 1038 λ

271 1067 360 1133 μὲν
405 1089 498 1136 γαρ
544 1065 870 1135 προφαίνοιτό
914 1088 958 1119 τι
1003 1073 1248 1134 τοιοῦτον,
1303 1066 1593 1134 εὐτρεπίζειν
1633 1069 1714 1118 δεῖ
1743 1063 1801 1117 τὰ
1838 1063 1963 1135 πρὸς

269 1146 358 1215 τὴν
396 1146 639 1211 ἆπότεξιν.
702 1149 884 1215 δέδειχε
923 1146 1016 1217 γὰρ
1055 1145 1085 1215 ἡ
1127 1147 1353 1217 ἐνάργεια
1390 1150 1421 1215 ἠ
1463 1146 1562 1215 μὴν
1599 1147 1681 1198 καὶ
1718 1144 1776 1198 τὰ
1817 1145 1960 1198 ἑπτά-

270 1250 399 1295 μηνα
452 1227 631 1297 γόνιμα
677 1226 946 1298 τυγχάνειν.
1025 1231 1069 1280 εἰ
1115 1229 1167 1280 δὲ
1207 1227 1297 1296 μή,
1340 1237 1441 1291 τοῖς
1493 1219 1992 1298 προδεδιδαγμένοις

269 1314 495 1376 χρῆσθαι.
589 1307 919 1375 φυλάττεσθαι
965 1309 1020 1361 δὲ
1066 1307 1187 1361 κατὰ
1242 1307 1327 1372 τὰς
1379 1313 1593 1378 τρίψεις,
1645 1307 1990 1379 ὄγκουμένων

203 1412 244 1444 15
270 1396 437 1443 πλεῖον
475 1394 572 1442 τῶν
612 1394 823 1457 μαστῶν,
862 1392 1059 1458 θλίβειν
1096 1388 1182 1452 τὰς
1219 1387 1462 1459 ὑπεροχὰς
1500 1389 1675 1442 αὐτῶν.
1752 1388 1959 1458 εὐχερῶς

267 1469 359 1539 γὰρ
399 1469 786 1540 ἀγανακτοῦντες
825 1467 1095 1522 ἀπόστασιν
1126 1468 1442 1538 ὑπομένουσι.
1496 1467 1572 1523 διὸ
1612 1471 1694 1522 καὶ
1725 1469 1811 1533 τὰς
1842 1489 1957 1522 συν-

266 1551 409 1619 ήθεις
463 1551 802 1618 στηθοδέσμας
858 1551 1152 1618 ε’πιχαλῶσιν
1191 1553 1259 1614 εἰς
1296 1549 1588 1620 παραδοχὴν
1624 1557 1709 1619 τῆς
1740 1553 1982 1621 έπιδιογ-·

265 1630 460 1693 κῶσεως
499 1637 596 1684 τῶν
635 1637 808 1699 μερῶν.

377 1710 487 1766 56(
537 1718 624 1766 τοῦ
671 1713 725 1765 δὲ
773 1710 954 1781 ὀγδόου
1004 1710 1159 1780 μηνὸς
1208 1711 1487 1780 ἐνστάντος,
1533 1710 1594 1766 ὃν
1640 1710 1744 1765 κατ’
1796 1710 1955 1780 εὔφη-

196 1816 238 1848 20
267 1793 447 1862 μισμὸν
485 1794 679 1862 λέγουσι
718 1798 850 1860 μῆνα
888 1797 1085 1858 κοῦφον
1133 1791 1412 1860 βαρύνοντα
1454 1795 1551 1846 καὶ
1601 1793 1952 1863 δυσαρέστησιν
1982 1827 1984 1830 v

263 1876 345 1927 καὶ
397 1872 487 1941 τὴν
532 1873 685 1942 ἄλλην
730 1871 1071 1926 κακόπαθειαν
1117 1873 1470 1942 ἀποτελοῦντα,
1522 1874 1574 1928 τό
1629 1881 1714 1942 τῆς
1766 1879 1954 1942 τροφῆς

262 1962 455 2024 πλῆθος
493 1955 850 2024 ε’πισυνέργειν,
889 1953 1103 2022 κινήσεις
1143 1955 1197 2007 δὲ
1234 1954 1638 2024 παραλαμβάνειν
1677 1953 1830 2024 μόνας
1869 1953 1952 2018 τὰς

263 2036 345 2089 διὰ
394 2039 598 2106 φορείου
637 2033 669 2102 ἢ
709 2041 896 2110 μακρᾶς
941 2037 1206 2104 καθέδρας,
1252 2035 1383 2105 πλὴν
1421 2041 1465 2089 εἰ
1502 2035 1567 2104 μὴ
1609 2037 1744 2105 μέχρι
1783 2035 1952 2089 διαλύ-

263 2136 384 2180 σεως
423 2115 648 2185 ὀρεχθείη
687 2138 757 2179 τις
795 2122 882 2169 τοῦ
920 2122 1258 2185 περιπατῆσαι.
1318 2120 1544 2179 πλείονος
1591 2117 1644 2168 δὲ
1683 2116 1836 2183 οὔσης
1865 2123 1952 2186 τῆς

195 2221 237 2254 25
263 2201 538 2267 δυσφορίας
587 2198 668 2250 καὶ
707 2195 977 2249 ἆνατείνειν
1016 2195 1215 2265 ἁρμόσει
1254 2195 1379 2266 πρὸς
1418 2200 1534 2264 μίαν
1572 2194 1783 2266 ἡμέραν,
1833 2196 1951 2250 ὥστε

380 2333 403 2372 7
445 2327 528 2372 τοῦ
561 2329 671 2371 ante
704 2325 854 2382 εἰληφ
888 2327 993 2373 add
1027 2341 1052 2371 ο
1084 2329 1192 2383 (om.
1227 2327 1287 2383 d).
1433 2332 1459 2371 9
1493 2325 1556 2371 sC:
1590 2326 1671 2370 καὶ
1702 2341 1739 2372 c.
1886 2323 1949 2384 μή

258 2403 389 2438 τινας
429 2383 456 2442 ἡ
500 2391 648 2445 μαῖα
658 2399 682 2429 c
723 2386 854 2442 (corr.
887 2385 956 2443 E).
1143 2391 1194 2430 12
1243 2384 1452 2430 δέδωκεν
1492 2383 1580 2442 γὰρ
1598 2383 1642 2456 ἡ
1677 2381 1892 2442 ἐνέργεια
1923 2398 1948 2429 c

260 2448 390 2501 (corr.
425 2446 494 2502 E).
618 2444 646 2499 ἠ
682 2443 775 2501 μὴν
807 2444 908 2489 nal:
945 2442 1007 2501 μὴ
1041 2445 1121 2488 καὶ
1152 2459 1190 2489 c.
1316 2449 1369 2488 13
1401 2449 1499 2494 τοῖς
1531 2441 1614 2500 πὸ
1647 2445 1701 2503 ‘2'.
1728 2442 1949 2501 διδαγμέ-

258 2521 358 2555 νοις
397 2506 466 2560 (ut
506 2503 568 2547 sit
603 2518 627 2550 v
668 2508 775 2547 ante
807 2520 868 2547 πο
883 2507 1062 2574 postea
1094 2503 1374 2560 suppletum,
1408 2503 1587 2547 deletus
1619 2505 1837 2547 accentus
1869 2517 1942 2546 su-

257 2577 343 2620 pra
372 2565 419 2620 2)
453 2577 492 2606 c.
678 2566 731 2604 15
762 2559 995 2606 πλειόνων
1028 2579 1071 2619 μ.
1106 2577 1130 2607 c
1163 2564 1293 2617 (corr.
1326 2562 1397 2619 D).
1562 2565 1615 2604 16
1648 2559 1889 2618 συνήθους
1920 2574 1966 2613 ος

259 2624 393 2693 (corr.
424 2621 485 2679 d).
605 2625 660 2664 17
694 2621 1040 2694 στηθοδεσμίας
1071 2635 1107 2665 c.
1224 2617 1330 2676 ἐπιχ
1333 2621 1520 2664 αλῶσαν
1554 2634 1593 2663 e.
1703 2624 1757 2664 18
1790 2619 1944 2677 μερῶν

257 2681 315 2725 E:
348 2676 535 2751 ἡμερῶν
567 2693 603 2724 c.
739 2683 795 2723 20
826 2677 1040 2735 λέγουσιν
1074 2677 1198 2723 εἶναι
1230 2696 1271 2724 κ.
1305 2693 1329 2722 ο
1363 2678 1436 2734 (cf.
1469 2679 1609 2735 Hipp.
1644 2678 1678 2734 Ι,
1703 2678 1949 2733 448....)«

316 2737 651 2810 βαρύνοντος..
672 2734 1014 2783 ,ἀποτελοῦντα
1047 2752 1083 2784 c.
1207 2742 1262 2781 22
1297 2734 1621 2794 ἐπισυνεργεΐν
1653 2751 1678 2782 o
1711 2738 1846 2792 (corr.
1871 2736 1969 2807 E)÷

316 2803 373 2913 25}
401 2794 660 2914 δόαλύσεως
693 2793 1059 2853 (διεκλύσεωςῖ)ε
1101 2793 1360 2853 διαχύσεως
1392 2811 1428 2841 e.
1582 2801 1639 2840 24
1672 2791 1878 2853 ὄρεχθεῐ.
1911 2809 1948 2858 η,

256 2874 324 2908 τις
376 2871 440 2902 810
493 2871 516 2901 c
