2014 3162
511 737 738 782 INCIPIT
770 737 955 782 LIBER
988 737 1339 796 SECVNDVS]

232 901 241 911 .
267 901 278 913 .
319 869 403 912 aut
434 877 525 926 per
555 862 744 912 fluxum
778 859 1026 924 [ventris]
1074 861 1352 926 specialiter
1382 869 1549 912 tamen
1572 863 1770 932 hahent,
1847 873 1850 876 ’

82 937 229 986 sicuti
269 943 346 985 est
383 936 554 986 vulvae
590 936 890 1001 praefocatio
923 942 974 985 et
998 937 1250 1001 sanguinis
1282 936 1459 1004 fluxus,
1497 937 1614 987 licet
1648 938 1770 988 haec

80 1009 393 1074 generalibus
431 1009 527 1059 illis
566 1009 833 1075 praedictis
872 1009 1088 1059 adscribi
1127 1010 1323 1060 debent.

193 1077 364 1152 (142.)
407 1083 541 1142 Quae
583 1090 700 1133 sunt
739 1098 856 1148 ergo
895 1083 1188 1133 valitudines
1224 1083 1489 1134 mulierum
1523 1100 1648 1150 quae
1679 1100 1769 1151 per
1793 1097 1817 1131 5

82 1159 367 1207 stricturam
405 1158 514 1206 fieri
553 1154 748 1207 solent‘?

191 1233 404 1282 retentio
445 1237 836 1298 menstruarum,
891 1232 1057 1281 fervor
1103 1234 1322 1282 matricis
1331 1271 1346 1300 ‚
1399 1234 1563 1283 tensio
1611 1240 1661 1284 et
1699 1235 1770 1282 in-

85 1304 235 1373 flatio,
274 1313 454 1371 tumor,
495 1305 678 1355 duritia
718 1312 768 1355 et
806 1305 975 1355 vulvae
1014 1307 1331 1372 praefocatio,

192 1374 366 1448 (143.)
407 1379 542 1437 Quae
583 1385 701 1428 sunt
739 1394 865 1445 quae
904 1395 995 1444 per
1032 1377 1258 1429 fluxum?

194 1455 352 1520 ipsius
392 1454 646 1517 sanguinis
685 1452 848 1503 fluxus
889 1459 938 1502 et
976 1469 1264 1518 gonorroea.
1795 1467 1842 1499 m

195 1521 370 1595 (144.)
426 1526 554 1584 Quid
594 1525 757 1576 differt
797 1528 1011 1576 retentio
1048 1533 1414 1577 menstruarum
1454 1526 1514 1576 ab
1552 1542 1607 1576 ea
1644 1542 1770 1592 quae

83 1602 315 1666 guttatim
352 1598 632 1665 purgatur?

195 1674 326 1739 quod
373 1675 423 1722 in
474 1675 752 1723 retentione
791 1675 843 1722 in
882 1680 1041 1723 totum
1081 1673 1204 1723 nihil
1243 1676 1463 1724 occurrit
1502 1681 1551 1724 et
1588 1676 1640 1724 in
1678 1674 1770 1724 hac

83 1747 349 1797 modicum.

194 1815 366 1889 (145.)
433 1820 562 1879 Quid
610 1821 775 1870 differt
822 1836 878 1870 ea
926 1837 1051 1886 quae
1098 1823 1151 1871 in
1193 1828 1353 1872 totum
1392 1837 1491 1870 non
1530 1829 1771 1887 purgatur
1794 1834 1840 1867 15

84 1895 144 1946 ab
191 1895 273 1944 illa
313 1909 438 1960 quae
478 1896 810 1944 retentionem
848 1902 1219 1945 menstruarum
1257 1893 1441 1945 habet?

197 1968 329 2034 quod
368 1969 488 2018 haec
528 1984 609 2018 res
648 1967 942 2018 valitudines
974 1969 1206 2036 ostendit,
1246 1985 1345 2019 non
1377 1971 1581 2035 purgari
1608 1976 1772 2019 autem

86 2050 134 2093 et
175 2042 450 2092 secundum
489 2049 717 2092 naturam
756 2057 1023 2092 occurrere
1063 2043 1201 2093 solet.

206 2205 323 2245 2—4
353 2213 436 2245 om.
468 2200 498 2244 h
529 2200 610 2256 qui
639 2201 705 2244 sie
735 2200 888 2244 habet:
920 2199 1090 2256 Incipit
1121 2198 1242 2244 liber
1266 2199 1504 2245 secundus.
1538 2199 1595 2244 de
1620 2201 1771 2244 reten—

83 2259 214 2305 tione
257 2261 612 2303 menstruarum.
672 2257 771 2318 Que
817 2260 926 2303 sunt
968 2273 1078 2316 ergo
1121 2259 1213 2303 val.
1257 2264 1333 2304 etc.
1381 2260 1537 2315 (etiam
1582 2259 1684 2303 Pal.
1720 2263 1775 2303 et

88 2317 255 2375 Cant..)
438 2323 464 2362 2
512 2320 565 2362 ut
610 2332 647 2384 p
689 2318 815 2362 fluxu
860 2318 1039 2363 ventris
1071 2319 1154 2362 aul:
1183 2332 1268 2375 per
1299 2332 1350 2362 os
1383 2319 1568 2375 digerat
1600 2319 1722 2374 (add.
1756 2319 1772 2361 Ζ

86 2379 237 2435 inepte
267 2378 417 2434 fictal)
458 2376 726 2433 specialiter
756 2378 944 2422 tamen.
994 2377 1246 2436 ,predictis
1275 2377 1376 2422 fieri
1408 2379 1508 2436 (sic)
1541 2377 1714 2421 debent
1745 2377 1773 2422 Ζ.

175 2437 367 2493 ventris,
399 2437 520 2493 quod
549 2436 682 2481 habet
712 2437 847 2481 etiam
879 2437 928 2491 b,
960 2437 1199 2482 delendum
1228 2438 1420 2483 videtwr.
1574 2441 1600 2480 6
1633 2436 1775 2492 scrip-

85 2499 192 2542 tura
221 2498 262 2541 h.
360 2500 415 2540 10
455 2494 606 2551 Ipsius
638 2499 679 2540 et
710 2497 759 2540 et.
789 2509 1017 2553 gonorrea
1048 2497 1153 2541 add.
1186 2497 1216 2541 h
1247 2498 1348 2553 (om.
1366 2497 1393 2541 b
1423 2496 1506 2540 ubi
1537 2494 1775 2552 sanguinis

91 2555 251 2611 flexus,
286 2560 326 2601 et
357 2557 373 2599 Ζ
403 2555 485 2599 ubi
516 2553 753 2611 sanguinis
783 2555 960 2610 fertur).
1085 2560 1138 2599 11
1171 2555 1244 2600 Ab
1269 2570 1372 2612 e0q3
1399 2556 1439 2611 b,
1471 2555 1544 2598 Ab
1569 2567 1625 2598 eo
1650 2553 1775 2610 quod.

90 2615 128 2670 (.
146 2651 156 2661 .
177 2614 476 2672 .purgantur)
508 2614 536 2659 Ζ.
691 2619 744 2658 13
776 2614 826 2658 in
855 2615 1056 2659 retentio
1089 2616 1115 2660 b
1147 2615 1177 2671 (·
1189 2628 1275 2659 one
1307 2616 1353 2670 Ζ).
1505 2613 1706 2658 occurr&
1737 2612 1775 2656 ἃ

88 2673 292 2718 admodfi
324 2675 371 2730 b,
421 2672 623 2716 occurrit
654 2673 691 2717 85
722 2673 971 2718 admodicsi
1003 2675 1040 2731 Ζ,
1084 2676 1296 2719 occurret
1328 2675 1376 2719 el:
1405 2674 1510 2718 inae
1540 2672 1775 2716 modicum

90 2732 132 2776 h.
284 2737 339 2777 15
372 2731 568 2777 differr&
601 2732 670 2787 (ut
701 2736 743 2777 et
771 2746 813 2777 v.
846 2734 923 2790 11)
958 2735 996 2778 b.
1160 2734 1421 2790 purgantur
1452 2734 1468 2777 Ζ
1499 2732 1775 2788 (purgantur

89 2791 151 2847 h).
246 2796 300 2836 16
331 2790 531 2837 retentio
565 2791 664 2847 (sie)
699 2792 745 2847 b,
778 2792 1041 2838 retensione
1074 2794 1090 2836 Ζ
1122 2794 1219 2848 (-ne
1251 2793 1310 2849 h).
1407 2797 1460 2836 17
1492 2789 1772 2835 valitudines

91 2849 122 2893 d
154 2851 360 2896 ostendit
392 2851 492 2907 (sic)
526 2851 566 2906 b,
599 2849 857 2896 valitudine
890 2851 1098 2897 ostendit
1130 2853 1194 2896 lh.
