2014 3162
865 121 1271 174 —322—

226 255 460 322 ἕλμινθας
497 251 723 321 ἆφωνων
759 252 812 307 τὸ
851 254 1034 322 ε’κβοᾶν
1074 254 1126 305 ἐκ
1166 253 1504 322 διαστημάτων
1537 255 1620 308 καὶ
1651 251 1916 323 ἀνώμαλον

225 337 308 389 καὶ
346 337 656 390 διαλείποντα
696 332 782 388 τὸν
821 332 1052 434 σφυγμὸν
1090 335 1230 402 ἔχειν.

339 422 423 470 28.
453 415 653 484 τοιαύτη
700 415 789 483 μὲν
828 417 920 468 οὖν
958 415 1041 467 καὶ
1077 411 1111 482 ἡ
1149 413 1273 482 πρὸς
1309 437 1366 469 τα
1399 419 1729 486 παρακείμενα
1765 415 1915 515 παθη

223 503 321 551 τῶν
351 495 615 566 ὑστερΐκῶν
642 495 897 563 διάκρισις.
937 497 1035 548 ἔστι
1059 495 1113 548 δὲ
1130 493 1216 563 <τὸ
1233 495 1435 566 πάθος)
1456 501 1523 568 τῷ
1552 498 1682 566 γένει
1712 495 1917 567 στεγνὸν

181 602 202 635 5
224 580 306 632 καὶ
346 576 567 646 σφοδρὸν
606 578 690 630 καὶ
727 575 833 629 κατ’
877 574 1084 644 ὀξύτητα
1120 575 1412 647 γιγνόμενον
1450 579 1533 631 καὶ
1569 576 1702 632 κατὰ·
1719 578 1915 647 χρονιό-

223 682 352 728 τητα.
431 657 508 712 διὸ
563 656 752 720 τούτοις
789 655 1076 712 ἀκόλουθον
1114 656 1241 712 εἶναι
1280 662 1362 713 δεῖ
1390 660 1474 712 καὶ
1510 658 1614 728 τὴν.
1640 660 1917 728 ἐπιμέλειαν

226 784 234 792 .
262 785 271 795 .
298 782 309 793 .
333 746 418 808 τῆς
465 740 554 808 μὲν
606 733 697 793 οὗν
736 736 1000 803 ε’πιτοῖσεως
1039 740 1330 810 γιγνομένης
1366 743 1671 795 κατακλίνειν
1709 743 1792 795 δεῖ
1823 740 1917 810 τὴν

221 819 511 889 κάμνουσαν
548 821 603 872 ἐν
643 817 867 887 οἰκήματι
906 821 1186 889 συμμέτρως
1227 818 1428 894 ἆλεεινῷ
1457 823 1539 875 καὶ
1571 827 1796 894 φωτεινῷ
1825 824 1913 876 καὶ

222 900 470 964 ἆσκύλτως
524 898 616 969 τὴν
676 899 983 954 κατάπτωσιν
1048 899 1334 968 ἀνακαλεῖν,
1387 907 1621 956 κινοῦντα
1682 902 1771 970 μὲν
1823 902 1917 971 τὴν

158 1010 200 1042 10
223 984 389 1053 γένυν,
427 980 693 1051 χλιᾶσματα
730 980 851 1034 κατὰ
891 987 980 1036 τοῦ
1020 983 1170 1050 μέσου
1208 981 1363 1037 τόπου
1402 983 1695 1050 ἐπιτιθέντα,
1742 983 1915 1057 πρᾴως

223 1066 525 1128 ἐξαπλοῢντα
561 1069 664 1116 πᾶν
701 1061 755 1117 τὸ
795 1061 1170 1131 συνελκόμενον,
1210 1067 1562 1132 διακρατοῦντα
1598 1069 1696 1118 τῶν
1742 1063 1914 1134 ἄκρων

222 1147 425 1199 ἕκαστον
470 1145 552 1198 καὶ
602 1142 876 1213 συμφύλων
923 1150 1098 1214 χειρῶν
1142 1151 1378 1216 προσαφῇ
1421 1144 1679 1198 θάλποντα
1718 1151 1821 1199 πᾶν
1858 1145 1915 1200 τὸ

220 1227 616 1296 κατεψυγμένον,
667 1223 768 1278 εἶτα
822 1224 904 1279 διὰ
961 1224 1179 1296 σπόγγου
1232 1231 1402 1299 θερμῷ
1454 1224 1599 1279 ὕδατι
1652 1227 1916 1295 βραχέντος

220 1305 578 1376 περιμᾶσσοντα
630 1304 684 1360 τὸ
734 1304 1019 1375 πρόσωπον.
1106 1308 1202 1375 ἕχει
1246 1306 1339 1376 γάρ
1383 1328 1427 1360 τι
1476 1305 1706 1376 ζώπυρον
1755 1306 1782 1361 ὁ
1821 1314 1911 1362 τοῦ

375 1387 389 1405 ι
899 1385 914 1404 t
1051 1385 1436 1410 nnnnn

220 1471 302 1524 καὶ
341 1465 534 1532 σικύαις
571 1466 786 1536 κούφαις
829 1467 1062 1538 χρώμεθα
1099 1467 1221 1522 κατὰ
1261 1466 1538 1537 βουβώνων
1576 1469 1823 1538 ἕφηβαίου
1861 1491 1913 1523 τε

219 1553 303 1604 καὶ
347 1556 444 1604 τῶν
489 1550 884 1619 παρακειμένων,
930 1547 1030 1604 εἶτα
1072 1556 1329 1619 τρυφερῶν
1365 1551 1447 1602 καὶ
1484 1555 1724 1618 καθαρῶν
1764 1552 1912 1618 ἐρίων

221 1634 469 1701 ἐπιβολαῖς
506 1632 588 1684 καὶ
626 1636 780 1703 πολλῇ
818 1633 901 1684 καὶ
931 1630 1187 1703 ἆδιακόπῳ
1220 1631 1357 1700 μέχρι
1385 1628 1517 1694 τινὸς
1546 1636 1603 1701 τῇ
1637 1629 1705 1684 δι’
1740 1633 1910 1685 ε’λαίου

220 1714 422 1783 γλυκέος
469 1716 746 1782 καταβροχῇ
798 1713 881 1765 καὶ
933 1718 990 1783 τῇ
1035 1710 1219 1776 παντὸς
1265 1711 1421 1781 ἄκρου
1476 1709 1557 1764 διὰ
1611 1717 1710 1764 τῶν
1764 1714 1911 1781 ἐρίων

154 1823 197 1855 20
219 1793 520 1863 περιειλήσει.
598 1793 997 1863 διαπρεσβεύεται
1042 1793 1136 1865 γὰρ
1182 1794 1235 1848 τὸ
1282 1793 1380 1848 ἀπὸ
1428 1800 1527 1847 τῶν
1564 1792 1788 1862 περάτων
1826 1793 1910 1863 χοὶ-

221 1884 380 1944 λασμα
426 1876 561 1944 μέχρι
607 1881 705 1928 τῶν
752 1876 925 1943 μέσων.
1003 1872 1102 1929 εἶτα
1146 1882 1339 1944 θερμοῦ
1384 1874 1575 1938 ὕδατος·
1611 1876 1690 1927 ἐπὶ
1729 1878 1911 1929 διιστα-

340 1996 363 2035 1
402 2004 486 2048 per
514 1991 759 2037 intervalla
789 1991 1043 2036 exclamare
1082 1990 1206 2036 Cael.
1239 1990 1412 2036 Anecd.
1452 1991 1509 2044 II,
1535 1994 1635 2035 237.
1788 1995 1816 2035 4
1847 1987 1900 2035 τὸ

220 2048 380 2102 πάθος
409 2050 586 2107 (passio
616 2050 719 2106 lat.)
749 2049 922 2095 addidi.
1090 2055 1116 2095 6
1148 2046 1229 2095 διὰ
1262 2064 1288 2095 c
1317 2052 1454 2107 (corr.
1486 2050 1560 2106 D).
1736 2054 1759 2094 7
1791 2051 1903 2106 post

221 2106 724 2225 Ξῖἕὲξῗέἔζέηῖῗῗξ
748 2110 984 2224 {551²}ss
998 2113 1306 2242 ὲὲῑηᾱῖὅίᾈέᾑ
1320 2108 1904 2235 Ιὲῃὲηῗέἓὲἢῖξξζὲἓῗξῗ

221 2228 371 2273 denuo
401 2227 631 2285 incipiunt
655 2226 859 2272 Soranea
894 2228 990 2283 Τῆς
1014 2225 1102 2285 μὲν
1127 2244 1214 2272 ουν
1239 2224 1497 2278 ἐπιτάσεως
1522 2229 1623 2282 etc„
1657 2226 1721 2271 sic
1744 2228 1903 2271 tamen

219 2290 273 2332 111
309 2288 370 2332 ab
407 2286 544 2357 1111110
584 2286 728 2332 verba
763 2286 989 2332 nonnulla.
1019 2286 1204 2332 abiecta.
1233 2287 1408 2332 fuerint:
1438 2284 1512 2342 (cf,
1547 2285 1663 2342 lah).
1849 2289 1905 2330 10

220 2342 340 2390 κατὰ
374 2342 580 2417 μετόπου
613 2359 637 2390 ο
667 2346 908 2419 (medianis
933 2347 1151 2402 partibus
1180 2346 1432 2391 wniversis!
1462 2345 1545 2389 lat.
1575 2365 1630 2382 =
1655 2341 1777 2389 κατὰ
1810 2344 1903 2388 τῶν

221 2404 374 2462 μέσων
404 2402 562 2449 τόπων
593 2405 670 2450 vel
701 2402 854 2475 μέσων
876 2403 1109 2477 πάντων)
1242 2409 1294 2448 11
1328 2401 1507 2454 παντὸς
1539 2418 1576 2447 σ.
1612 2417 1635 2447 c
1670 2405 1800 2459 (corr.
1829 2403 1904 2459 D).

281 2469 334 2509 12
369 2465 610 2520 συμφίλων
641 2481 681 2520 χ.
713 2460 830 2520 πρὸς
861 2459 994 2521 ἁφὴν
1027 2477 1052 2508 ο
1085 2466 1220 2520 (corr.
1251 2463 1323 2521 E).
1377 2463 1590 2508 manibus
1621 2462 1785 2508 calidis
1818 2462 1901 2506 lat.

222 2523 295 2578 (cf.
331 2523 769 2580 Cae1.ohr.3‚22).
951 2528 1006 2568 13
1037 2525 1148 2581 post
1177 2532 1343 2579 κατεψ.
1375 2522 1576 2567 Αθ11α11ει
1605 2521 1769 2566 inserit
1799 2534 1823 2565 c
1839 2535 1900 2592 p.

220 2587 321 2638 253,
347 2585 534 2627 14—16.
665 2581 880 2638 σπόγγων
913 2597 937 2626 c
987 2583 1067 2627 sed
1098 2595 1207 2626 mox
1237 2583 1457 2638 περισφ..)
1590 2584 1644 2623 14
1675 2576 1900 2650 περιμάσ-

223 2657 382 2691 σοντος
415 2654 439 2684 c
471 2642 603 2696 (corr.
636 2640 709 2696 D).
885 2646 939 2685 15
997 2639 1188 2697 πιμὲνει
1220 2653 1257 2684 c.
1433 2643 1487 2683 18
1520 2639 1601 2682 καὶ
1633 2635 1845 2683 διακόπτω
1877 2652 1902 2682 c

224 2702 355 2756 (corr.
387 2699 457 2755 E).
623 2703 677 2742 21
711 2701 820 2756 post
850 2698 1003 2756 μέσων
1037 2698 1114 2756 (cf
1146 2712 1285 2755 supra
1313 2714 1354 2743 v.
1384 2700 1456 2755 10)
1488 2698 1644 2755 pergit
1674 2711 1730 2742 ex
1760 2697 1899 2742 Aetio

224 2772 331 2816 e.p
364 2762 467 2815 254,
492 2761 719 2814 3-255,
745 2763 771 2802 6
812 2757 910 2828 (ubi
980 2772 1069 2803 uae
1108 2757 1241 2802 addit
1277 2756 1318 2800 D
1358 2773 1400 2802 v
1437 2763 1460 2802 7
1501 2756 1664 2800 καὶ-
1687 2752 1901 2813 πήγανον

221 2833 315 2921 {lon
345 2818 489 2863 habet
520 2831 558 2874 c,
589 2817 672 2862 ubi
702 2793 900 2874 γαστρὸς
931 2833 952 2862 ε
975 2833 1031 2861 τα
1063 2818 1146 2873 θ.)
1328 2812 1694 2874 ὑποδιισταμένῃ
1726 2814 1787 2857 E2
1826 2815 1907 2871 (οέ.-

242 2878 339 2933 at).
