2014 3162
882 118 1278 172 —332—

237 272 420 304 πευτον
469 252 743 318 κατέλιπον,
799 253 850 305 οἱ
895 250 951 304 δὲ
999 250 1089 319 τὴν
1140 249 1416 320 ἀρχομένην
1462 251 1617 321 μόνον
1662 251 1921 323 ὑπήγαγον

233 339 334 395 τοῖς
372 330 702 401 βοηθήμασιν.
767 330 909 401 ἡμεῖς
949 333 1002 385 δὲ
1039 333 1122 384 καὶ
1163 338 1255 385 νῖν
1294 330 1360 397 ὧς
1398 342 1738 404 κεχρονικυῖαν
1775 342 1922 404 θερα-

233 411 447 481 πεύομεν
493 412 658 467 νόσον.
736 417 817 466 δεῖ
860 413 914 466 δὲ
953 410 1019 480 μὴ
1063 410 1274 480 ἆμελεΐν,
1314 413 1417 467 ἀλλ’
1461 417 1515 468 ἐν
1554 415 1643 483 μὲν
1679 423 1785 479 ταῖς
1823 417 1923 469 ἐπι-

231 496 451 562 θέσεσιν,
506 492 565 558 ἃς
613 493 1053 563 καταλαμβάνομεν
1101 496 1155 548 ἐκ
1201 494 1387 564 βάρους
1425 499 1650 560 πλείονος
1687 498 1770 550 καὶ
1807 519 1922 565 ναρ-

189 596 209 629 5
232 574 428 639 κῶδους
467 574 842 643 συναισθήσεως
879 573 912 643 ἢ
952 581 1156 644 φθορᾶς
1194 580 1359 629 σιτίων
1389 578 1473 630 καὶ
1504 575 1779 648 ἀγρυπνίας
1810 581 1922 647 δίχα

233 654 485 725 προδήλου
531 655 662 719 τινὸς
708 659 864 719 αἰτίας
917 658 1267 726 γεγενημένης,
1323 657 1728 727 παραλαμβάνειν
1780 681 1923 712 κατα-

234 735 491 805 πλάσματα
529 736 690 807 θερμὰ
729 735 1014 807 χαλαστικά,
1063 737 1259 806 σικύας,
1307 738 1663 808 κατασχασμόν,
1702 741 1922 809 βδέλλας,

235 821 438 887 πυρίας,
478 818 861 888 ἔγχυματισμοὺς
899 818 1231 888 πραυντικοὺς
1270 818 1546 887 ἆνετικούς,
1585 820 1796 884 πεσσούς
1833 845 1920 889 μα-

233 898 512 967 λακτικούς,
567 900 923 970 ἔγκαθισμούς,
976 900 1197 970 κηρωτὰς
1243 901 1358 970 μετὰ
1406 901 1619 966 ἆλθαίας
1656 900 1920 972 ἡψημένης

103 1016 106 1019 ·
172 1005 213 1038 10
235 984 317 1035 καὶ
355 984 557 1056 γλυκέος
594 985 760 1036 ε’λαίου
797 980 830 1051 ἢ
868 987 1129 1051 κυπρίνου,
1168 986 1250 1037 καὶ
1289 983 1516 1054 μάλαγμα
1553 983 1605 1038 τὸ
1647 983 1730 1038 διὰ
1760 990 1922 1054 χυλῶν

234 1061 266 1132 ἢ
306 1062 359 1118 τὸ
397 1065 669 1131 Μνασέου,
708 1065 790 1117 καὶ
828 1064 1017 1133 τροφὰς
1055 1065 1297 1135 εὐχύμους
1334 1087 1382 1119 τε
1421 1066 1503 1118 καὶ
1542 1063 1802 1134 εὐχύλους,
1841 1062 1925 1119 καὶ

234 1143 325 1213 τὴν
367 1148 436 1208 εἷς
471 1144 586 1208 τοὺς
626 1144 790 1213 ῶμους
829 1145 911 1198 διὰ
948 1153 1224 1215 τελαμῶνος
1263 1146 1516 1215 ἀνάληψιν
1561 1149 1630 1209 εἰς
1668 1148 1926 1214 ἐπικουφι-

236 1225 360 1293 σμὸν
399 1232 483 1294 τῆς
522 1225 605 1279 διὰ
636 1226 722 1280 τὸν
752 1227 1101 1296 κατασπασμὸν
1133 1226 1387 1296 ὀχλήσεως.
1447 1231 1597 1280 ταῦτα
1628 1226 1717 1295 μὲν
1747 1221 1840 1280 οὖν
1872 1229 1927 1281 ἕν

237 1315 337 1371 τοῖς
370 1311 701 1376 παροξυσμοῖς
731 1307 1196 1378 παραλαμβάνομεν,
1235 1310 1290 1362 έν
1321 1309 1374 1361 δὲ
1404 1316 1505 1373 τοῖς
1536 1311 1841 1377 διαλείμμασι
1871 1308 1924 1363 τὸ

173 1411 215 1445 15
241 1394 379 1458 σῶμα
417 1388 929 1459 προαναλαμβάνομεν
969 1388 1051 1443 διὰ
1090 1396 1176 1458 τῆς
1215 1388 1490 1458 ἆλειπτικῆς
1529 1391 1815 1457 ἐπιμελείας,
1854 1394 1925 1444 αι’-

236 1471 381 1539 ῶρας,
420 1470 718 1540 περιπάτων,
757 1477 991 1540 λουτρῶν,
1031 1469 1418 1540 ἀναφωνήσεως,
1457 1473 1679 1540 οἰναρίου
1721 1473 1804 1524 καὶ
1841 1478 1926 1540 τῆς

235 1553 515 1620 ἐπιτηδείου
546 1554 630 1605 καὶ
660 1557 887 1622 ποικίλης
916 1559 1120 1623 τροφῆς,
1158 1551 1215 1606 τὰ
1247 1554 1301 1606 δὲ
1332 1558 1760 1621 πρωτοπαθοῦντα
1791 1574 1925 1621 μετα-

236 1633 477 1702 βάλλομεν
524 1632 607 1687 διὰ
655 1633 916 1704 δρῶπακος
961 1634 1311 1704 παροπτήσεως
1361 1632 1608 1703 ἡλιῶσεως
1658 1637 1825 1704 νίτρου
1874 1656 1923 1688 τε

236 1717 317 1768 καὶ
363 1713 496 1769 ἆλῶν
542 1717 947 1784 ε’πιπασσομένων
983 1718 1067 1770 καὶ
1104 1720 1339 1786 τρίψεως,
1385 1716 1468 1768 καὶ
1504 1721 1570 1789 τῷ
1609 1713 1692 1768 διὰ
1732 1715 1925 1780 νάπυος

170 1821 213 1854 20
235 1798 318 1849 καὶ
372 1796 589 1866 ἰσχάδων
643 1804 891 1872 φοινιγμῷ
944 1797 1201 1868 χρώμεθα,
1255 1798 1337 1850 καὶ
1393 1794 1669 1866 μαλάγμασι
1721 1803 1787 1870 τῷ
1842 1796 1925 1851 διὰ

236 1877 522 1946 σπερμάτων
560 1879 642 1931 καὶ
681 1884 746 1952 τῷ
786 1878 868 1932 διὰ
909 1883 1171 1948 δαφνίδων
1209 1880 1292 1932 καὶ
1329 1884 1396 1950 τῷ
1433 1881 1712 1950 πολυαρχίᾳ)
1743 1880 1826 1931 καὶ
1856 1884 1923 1952 τῷ

237 1965 638 2027 Κηφισοφῶντος
676 1962 759 2013 καὶ
796 1968 897 2024 τοῖς
936 1959 1141 2029 ὁμοίοις,
1181 1961 1509 2030 ε’γκαθίσμασί
1533 1980 1582 2012 τε
1613 1961 1696 2012 καὶ
1725 1955 1925 2028 πυρίαις

237 2045 634 2111 μετασυγκρίνειν
701 2042 1020 2110 δυναμένοις,
1086 2039 1193 2095 οἷον
1240 2040 1322 2094 διὰ
1367 2039 1623 2108 θαλάσσης
1670 2041 1923 2110 ἔζεσμένης

359 2221 381 2259 1
416 2212 662 2287 ὑπῄγαγον
687 2243 742 2248 -
769 2215 910 2262 νόσον
941 2216 1113 2275 partim
1149 2231 1238 2264 om.
1270 2217 1442 2276 partim
1473 2218 1588 2261 mut.
1619 2216 1723 2261 Aet.
1897 2221 1923 2261 2

237 2275 319 2319 καὶ
350 2276 437 2320 νῦν
471 2272 532 2326 ὡς
563 2292 604 2320 κ.
639 2275 738 2333 (sic)
773 2291 797 2321 ο
841 2277 914 2333 (cf.
947 2277 1029 2322 lat.
1061 2290 1144 2322 nos
1174 2290 1277 2323 vero
1307 2278 1426 2322 sieut
1455 2278 1509 2321 in
1539 2276 1728 2321 chronia
1757 2276 1925 2320 valitu-

237 2335 344 2379 dine
381 2335 459 2379 vel
497 2336 617 2379 sicut
655 2336 889 2381 chroniam
926 2337 1227 2382 valitudinem
1276 2338 1347 2381 ita
1384 2340 1426 2381 et
1462 2336 1627 2380 molam
1670 2335 1924 2408 caranum)-

238 2393 318 2437 καὶ
350 2392 466 2439 νέαν
499 2409 647 2438 ουσαν
679 2394 760 2439 καὶ
791 2412 831 2440 κ.
866 2394 929 2440 E²
961 2394 1175 2453 (Gompn)
1299 2400 1325 2439 3
1360 2391 1411 2439 έν
1445 2411 1597 2452 μεν-
1611 2392 1926 2466 γεγενημένης

240 2466 327 2496 om.
361 2454 480 2508 Aet„
515 2466 644 2510 seqq.
678 2454 892 2500 mutavit
1046 2461 1072 2500 6
1104 2451 1494 2512 παραλαμβάνειν
1524 2452 1584 2497 Ε.
1615 2450 1925 2520 παραλαμβά-

237 2526 399 2562 νοντες
430 2511 510 2555 καὶ
541 2525 579 2556 ο.
715 2519 740 2558 9
773 2510 1024 2586 ἦψημένας
1057 2528 1081 2559 c
1115 2516 1248 2570 (corr.
1272 2514 1342 2570 E).
1470 2518 1521 2556 11
1557 2513 1790 2569 μνασαίου
1822 2511 1925 2569 (sic)

239 2584 275 2615 c.
433 2575 483 2614 11
518 2570 600 2614 καὶ
630 2569 718 2628 τὴν
742 2598 797 2606 —-
825 2575 917 2630 (13)
951 2569 1182 2631 ὀχλήσεως
1213 2587 1302 2618 om.
1334 2571 1441 2616 Aet.
1475 2573 1621 2628 (seqq.
1655 2572 1806 2628 mut..)

241 2633 294 2673 15
325 2633 577 2686 προσαναλ.
612 2644 637 2674 c
677 2634 742 2687 (et
771 2631 890 2687 Aet„
924 2633 1004 2676 sed
1035 2631 1092 2678 cf.
1125 2632 1208 2677 lat.
1236 2631 1388 2688 primo
1419 2631 1674 2687 analeptico
1705 2630 1830 2688 cyclo
1859 2643 1924 2675 re—

237 2690 486 2746 sumentes).
613 2694 665 2734 17
700 2666 1066 2761 μεταβάλλοντες
1097 2704 1122 2735 ο
1155 2689 1229 2746 (cf.
1254 2690 1337 2735 lat.
1369 2690 1530 2735 deinde
1559 2689 1925 2747 metasyncritica

238 2749 587 2806 subiunyimus).
756 2754 813 2793 20
845 2746 1072 2823 χρώμεθα
1101 2751 1209 2806 post
1239 2752 1342 2807 μαλ.
1374 2748 1548 2806 repetit
1579 2762 1604 2793 ο
1638 2749 1746 2804 (om.
1777 2748 1839 2804 Ε,
1871 2750 1925 2793 ut

238 2808 374 2863 Aet..)
468 2812 524 2852 22
559 2804 923 2879 ἐγκαθισμάτων
954 2825 1003 2853 τε
1037 2808 1118 2853 καὶ
1148 2808 1379 2882 πυριῶν..
1399 2805 1700 2881 ,δυναμένων
1733 2821 1756 2851 c
1790 2808 1922 2863 (corr.

237 2866 309 2922 E).
434 2872 489 2912 23
522 2866 601 2912 δια
635 2869 709 2924 (ex
739 2869 861 2925 Aet.)
894 2868 954 2912 E:
989 2881 1076 2914 om.
1111 2882 1148 2913 0.
1274 2863 1522 2924 ἒξεσμένης
1555 2865 1677 2923 (sic)
1690 2879 1727 2911 c.
