2014 3162
740 144 1141 196 —189-

211 281 295 328 26.
332 279 528 342 πρῶτον
565 271 812 342 ἠργμένης
841 280 927 342 τῆς
957 274 1246 344 καθάρσεως
1276 277 1389 343 μεθ’
1412 273 1482 330 ὧν
1513 280 1781 346 ἐξεθέμεθα

98 353 551 423 δυσαρεστημάτων,
600 352 776 422 ἠρεμία
813 355 871 408 τὰ
908 355 1064 410 πολλὰ
1101 353 1348 424 χρήσιμος.
1424 358 1650 427 καθάπερ
1689 359 1781 429 γὰρ

95 440 150 491 οἱ
189 435 286 490 άπὸ
333 435 603 504 κραιπάλης
649 437 873 505 γέμοντες
919 436 1174 500 συντόνοις
1221 435 1473 505 κινήσεσιν
1513 441 1782 508 ἐλέγχονται

98 519 236 586 μέχρι
274 523 359 571 τοῦ
400 516 534 589 νόσῳ
573 525 866 586 περιπεσεῖν,
905 519 987 570 καὶ
1027 521 1079 571 οἱ
1111 517 1311 587 πλήρεις
1341 518 1431 588 τὴν
1461 519 1682 586 κεφαλὴν
1713 525 1783 588 βι-

95 597 319 668 αιότερον
349 598 768 667 ἄναφωνήσαντες
798 603 866 662 εἰς
891 599 1085 669 ἄλγημα
1115 602 1495 669 περιτρέπονται,
1525 598 1610 653 τὸν
1634 599 1783 654 αὐτὸν
1806 623 1826 656 5

95 678 278 748 τρόπον
327 682 410 733 καὶ
458 678 489 749 ἡ
541 678 715 749 ὑστέρα
762 682 1117 749 πεπληρωμένη
1167 689 1253 750 τῆς
1292 683 1371 734 ἐπὶ
1409 680 1500 749 τὴν
1536 680 1783 750 κάθαρσιν

98 762 375 829 φερομένης
411 761 534 830 ὕλης
571 760 670 815 ὑπὸ
709 768 806 814 τῶν
843 761 1088 830 κινήσεων
1120 765 1188 825 εἰς
1218 761 1422 830 κοπώδη
1455 766 1784 829 συναίσθησιν

95 849 505 897 καταπυκνοῢται.
583 842 660 897 διὸ
706 844 789 896 καὶ
835 850 940 905 ταῖς
978 841 1200 911 εὖχύλοις
1237 844 1320 895 καὶ
1360 844 1645 911 συμμέτροις
1681 865 1785 911 τρο-

99 932 219 990 φαῖς
271 925 488 994 χρῆσθαι
543 931 814 994 προσῆκεν,
876 927 942 978 ἔτι
998 925 1052 976 δὲ
1104 931 1204 986 τοῖς
1258 922 1323 976 δι’
1376 925 1541 976 ἐλαίου
1594 930 1784 991 θερμοῦ

94 1013 306 1069 πεσσοῖς.
1811 1029 1852 1060 ιο

208 1089 289 1140 ἐπὶ
327 1089 381 1140 δὲ
418 1094 518 1141 τῶν
554 1088 652 1156 ἤδη
685 1088 919 1152 πολλάκις
948 1087 1333 1157 κεκαθαρμένων
1365 1084 1430 1149 ὥς
1462 1089 1580 1150 ἔθος
1611 1085 1785 1156 ἑκάστῃ

97 1176 260 1223 ποιεῖν
298 1171 623 1240 ἐπιτρεπτέον.
699 1174 756 1223 αἱ
789 1170 878 1238 μὲν
915 1169 1008 1240 γὰρ
1049 1168 1285 1237 συνήθως
1322 1166 1605 1237 ἠρεμοῦσιν,
1645 1171 1700 1219 αἱ
1734 1169 1788 1220 δὲ

100 1250 178 1302 ἐπὶ
226 1254 418 1319 μετρίας
462 1255 661 1320 προίασι
698 1250 930 1318 κινήσεις.
1009 1249 1369 1318 ἀσφαλέστερον
1408 1249 1462 1302 δὲ
1499 1248 1552 1302 τὸ
1590 1248 1787 1318 ἠρεμεῖν

100 1331 183 1383 καὶ
220 1329 447 1385 άλουτεῖν
484 1334 567 1385 καὶ
606 1331 809 1400 μάλιστα
846 1337 904 1402 τῇ
942 1330 1109 1401 πρώτῃ
1146 1337 1244 1384 τῶν
1281 1329 1488 1399 ἡμερῶν.

209 1413 288 1465 ἐπὶ
328 1414 383 1465 δὲ
421 1420 520 1466 τῶν
556 1413 655 1481 ’ἤδη
696 1415 862 1482 μηκέτι
899 1416 1234 1480 καθαίρεσθαι
1271 1417 1550 1480 μελλουσῶν
1589 1411 1671 1464 διὰ
1699 1411 1786 1465 τὸν
1811 1433 1852 1466 15

95 1493 476 1562 παραβεβηκότα
513 1491 694 1564 χρόνον
741 1496 1056 1563 φροντιστέον
1095 1493 1230 1556 ’ὅπως
1267 1492 1333 1561 μὴ
1375 1493 1540 1562 ἀθρόα
1574 1500 1674 1547 τῶν
1710 1495 1787 1561 έμ-

98 1573 271 1643 μήνων
308 1574 340 1644 ἡ
381 1575 611 1644 ἆποκοπὴ
650 1578 860 1646 γένηται.
914 1583 1016 1629 πᾶν
1053 1574 1146 1645 γὰρ
1184 1573 1237 1628 τὸ
1277 1578 1533 1640 αἰφνίδιον
1564 1577 1618 1628 έν
1648 1596 1788 1643 μετα-

97 1660 236 1727 βολῇ,
274 1655 371 1711 κᾶν
400 1659 480 1711 ἐπὶ
518 1656 570 1711 τὸ
610 1659 798 1726 βέλτιον
837 1658 1175 1726 μεταφέρηται,
1216 1655 1299 1709 διὰ
1337 1653 1668 1719 ξενοπάθειαν
1707 1663 1788 1709 λυ-

98 1745 188 1790 πεῖ
216 1736 302 1791 τὸν
333 1738 499 1808 ὄγκον.
556 1738 1077 1808 οὖκέπιγιγνώσκεται
1107 1736 1200 1806 γάρ
1227 1736 1280 1791 τὸ
1314 1735 1379 1805 μὴ
1412 1739 1788 1805 προμελετηθέν,

102 1816 205 1871 ἀλλ’
249 1817 316 1882 ὥς
354 1818 514 1887 ἄηθες
553 1817 891 1888 δυσαρέστημά
929 1840 973 1871 τι
1012 1818 1248 1872 σύνεστιν.
1318 1818 1410 1872 ’ὅσα
1450 1820 1502 1872 δὲ
1541 1826 1788 1886 παραλαμ-
1813 1842 1855 1875 20

101 1899 319 1968 βάνομεν
356 1902 436 1954 ἐπὶ
472 1906 559 1968 τῆς
589 1907 783 1970 πρῶτον
814 1902 1147 1970 γενησομένης
1176 1899 1482 1969 καθάρσεως,
1519 1898 1669 1953 ταύτὰ
1701 1901 1790 1967 μὲν

100 1983 392 2035 συντακτέον
430 1983 509 2034 ἐπὶ
548 1987 636 2050 τῆς
664 1981 764 2049 ἤδη
795 1983 1205 2050 καταπαυομένης
1237 1981 1319 2035 διὰ
1349 1981 1435 2036 τὸν
1464 1981 1658 2051 χρόνον.
1707 1983 1791 2033 καὶ

104 2060 197 2132 γὰρ
241 2061 332 2131 τὴν
378 2061 444 2130 μὴ
492 2060 813 2131 ὑπάρχουσαν
858 2062 1085 2130 ἔκκρισιῦ
1118 2063 1265 2116 ἱκανὰ
1311 2070 1604 2132 προσκαλεῖν
1641 2069 1790 2115 ταῦτα

101 2145 186 2196 καὶ
229 2142 320 2212 τὴν
359 2146 426 2196 ἔτι
464 2142 628 2212 ἀκμὴν
665 2149 925 2213 παροῦσαν
963 2143 1232 2213 ἱκανώτερα
1278 2146 1414 2213 μέχρι
1457 2143 1590 2207 τινὸς
1635 2142 1791 2210 φυλά-

103 2229 194 2287 ξαι.
270 2226 960 2293 προσπαραλαμβανέσθωσαν
1006 2226 1060 2278 δὲ
1105 2227 1189 2278 καὶ
1235 2228 1403 2280 πεσσοὶ
1443 2229 1495 2279 οἵ
1528 2225 1791 2293 μαλάσσειν
1814 2245 1856 2278 25

102 2304 372 2374 δυνάμενοι
421 2308 504 2358 καὶ
555 2309 606 2360 οἱ
650 2312 745 2374 τῆς,
786 2305 939 2375 αὐτῆς
989 2306 1250 2375 δυνάμεως
1303 2308 1644 2376 ἕγχυματισμοὶ
1697 2305 1790 2359 σὺν

100 2393 222 2439 πᾶσι
257 2395 358 2450 τοῖς
395 2386 452 2439 τὰ
493 2387 863 2456 σκληρυνόμενα
902 2386 1099 2454 σώματα
1135 2387 1352 2456 τρυφερὰ
1391 2394 1552 2441 ποιεῖν
1583 2389 1792 2455 δυναμέ-

104 2490 224 2531 νοις.
300 2472 343 2520 ει’
387 2469 441 2520 δὲ
487 2473 667 2521 πλείων
712 2467 744 2536 ἡ
784 2467 1027 2537 κάθαρσις
1064 2475 1149 2536 τῆς
1189 2467 1447 2537 δυνάμεως
1485 2471 1559 2536 εἴη
1597 2467 1632 2536 ἥ
1667 2486 1791 2521 τισιν

221 2597 248 2635 2
282 2587 453 2663 ἠρεμία
485 2592 548 2635 D.
579 2591 755 2648 πρέμια
787 2606 824 2636 c.
949 2596 1002 2636 12
1036 2588 1298 2649 ηρεμοῦσαι
1323 2591 1424 2648 (sic)
1451 2605 1475 2635 c
1508 2593 1641 2663 (corr.
1667 2592 1729 2646 d).

112 2654 165 2694 18
196 2648 377 2721 βέλτιον
409 2645 455 2706 ἢ,
489 2651 582 2706 (fin.
601 2653 737 2708 vers.)
765 2653 772 2708 Ι
799 2649 1120 2725 μεταφέρηται
1152 2651 1253 2707 (sic)
1286 2666 1324 2696 c.
1417 2655 1474 2695 20
1505 2647 1652 2721 ἀήθει
1682 2652 1790 2693 δυσ-

106 2705 389 2766 αρεστήματι
421 2724 446 2754 ο
477 2712 610 2764 (corr.
642 2710 711 2766 E).
853 2708 906 2754 δε
942 2724 1029 2754 om.
1063 2723 1087 2754 ο
1121 2710 1242 2766 (add.
1275 2710 1345 2766 E).
1467 2714 1520 2753 21
1554 2707 1737 2764 πρώτης
1768 2722 1794 2752 ο

103 2770 240 2823 (corr.
267 2768 337 2826 E).
457 2769 608 2813 ταῦτα
640 2783 678 2813 e.
799 2773 855 2813 23
867 2784 976 2840 γαρ
1008 2783 1096 2812 om.
1124 2783 1148 2812 c
1181 2769 1304 2824 (add.
1337 2767 1408 2823 E).
1538 2773 1595 2811 24
1626 2766 1791 2811 ἱκανω-

104 2842 248 2940 Ξέἕὲν
263 2841 338 2941 ὅ)
338 2829 468 2883 (corr
501 2826 593 2883 E2).
731 2832 787 2872 26
820 2823 966 2884 αὐτῆς
999 2841 1086 2872 om.
1120 2841 1144 2871 c
1176 2827 1300 2883 (add.
1334 2827 1403 2883 E).
1526 2824 1612 2870 σὺν
1644 2839 1731 2869 om.
1765 2839 1790 2868 ο
