2014 3162
745 103 1144 155 —273—

95 238 290 304 τρίψεσι
345 242 451 298 ταῖς
504 233 568 287 δι’
625 233 776 303 αὐτῆς
823 236 905 288 καὶ
950 243 1054 298 ταῖς
1102 234 1168 288 δι’
1219 236 1381 289 ἄλλων
1428 237 1543 305 μετὰ
1581 244 1788 307 κατοχῆς

93 314 396 384 πνεύματος,
451 317 531 368 ἐπὶ
576 314 697 368 τέλει
745 316 799 368 δὲ
843 317 927 368 καὶ
970 314 1085 379 τοὺς
1131 316 1342 384 μαστοὺς
1387 318 1568 386 τρίβειν
1616 317 1786 388 ἠρέμα.

93 402 314 466 χρῆσθαι
369 397 422 449 δὲ
474 398 557 450 καὶ
608 395 929 465 ἆναφωνήσει
974 398 1056 450 καὶ
1095 404 1282 470 λουτρῷ
1331 399 1414 450 καὶ
1457 405 1663 467 τροφαῖς
1709 398 1789 453 εὐ-

94 476 266 547 χύλοις
304 479 387 531 καὶ
425 483 481 549 τῇ
522 477 742 547 διαχύσει
779 484 866 546 τῆς
904 484 1071 547 ψυχῆς
1109 480 1192 531 καὶ
1231 486 1332 542 τοῖς
1372 478 1665 546 δυναμένοις
1697 480 1788 548 μά-

94 566 233 613 λιστα
275 558 539 629 γυμνάζειν
575 558 634 612 τὰ
672 557 993 627 ὑπερκείμενα
1032 557 1166 628 μέρη.
1245 558 1328 612 διὰ
1366 558 1552 613 τούτων
1589 559 1682 629 γὰρ
1721 564 1789 624 εἰς
1812 582 1832 615 5

97 639 371 708 εὖτροφίαν
417 638 663 710 ἀγομένου
710 645 798 693 τοῦ
837 638 955 693 ’ὅλου
995 638 1214 708 σώματος
1253 647 1583 709 συνευτροφεῖ
1612 642 1695 693 καὶ
1731 641 1789 694 τὰ

99 723 214 789 περὶ
259 719 375 784 τοὺς
421 720 647 789 μαστούς.
724 722 1036 789 συνεχεστέρα
1075 721 1130 774 δὲ
1168 723 1285 774 ἔστω
1325 722 1408 773 καὶ
1445 718 1476 788 ἡ
1517 720 1788 789 ἐκμύζησις.

100 800 228 870 ,πρὸς
281 801 374 871 γὰρ
428 800 519 870 τὴν
570 800 801 869 τοιαύτην
855 804 1090 869 αἴσθησιν
1141 801 1265 869 ὕλης
1318 800 1531 870 ἐπιφορὰ
1580 806 1791 871 γίγνεται

24 916 34 918 >
94 886 339 946 πλείονος.
416 885 778 950 Μνησίθεος
826 882 880 934 δὲ
927 883 1002 945 δὶς
1050 889 1136 950 τῆς
1173 881 1355 952 ἡμέρας
1393 884 1539 956 ε’μέτῳ
1578 889 1791 951 χρῆσθαι

96 971 348 1032 παραινεῖ,
387 962 453 1032 μὴ
495 961 695 1030 ἐφιστὰς
734 961 807 1016 ’ότι
845 961 929 1015 διὰ
958 968 1056 1016 τῶν
1087 964 1268 1031 ἐμέτων
1295 962 1555 1031 διαφθορὰ
1578 967 1789 1034 γίγνεται
1815 987 1857 1018 10

100 1050 304 1113 μᾶλλον,
342 1046 489 1113 χωρὶς
527 1047 571 1097 εἰ
599 1043 664 1112 μὴ
698 1042 898 1112 χρόνιον
932 1042 1127 1112 νόσημα
1157 1066 1200 1097 τι
1230 1046 1370 1099 θέλοι
1402 1044 1789 1113 διορθώσασθαι.

93 1126 257 1188 τινὲς
304 1126 358 1177 δὲ
402 1132 503 1188 τοῖς
556 1124 880 1193 ἆρωματικοῖς
924 1124 1200 1192 ποτήμασιν
1249 1125 1512 1195 ἐχρήσαντο
1564 1127 1643 1178 καὶ
1693 1133 1792 1189 τοῖς

95 1209 408 1269 καταποτίοις
453 1213 554 1269 τοῖς
601 1205 684 1259 διὰ
730 1213 816 1260 τοῦ
870 1204 1105 1276 γάλακτος
1151 1208 1443 1276 λεγομένοις.
1520 1208 1700 1260 ἔδοσαν
1739 1207 1792 1259 δὲ

94 1289 183 1341 καὶ
228 1285 344 1350 τοὺς
394 1285 608 1355 μαστοὺς
646 1288 831 1340 ἐσθίειν
869 1293 968 1339 τῶν
1005 1286 1509 1356 πολυγαλακτούντων
1547 1294 1604 1361 τῇ
1643 1286 1793 1354 φύσει

98 1368 254 1443 ζῴων.
332 1372 385 1422 οἷ
427 1370 481 1421 δὲ
526 1367 742 1438 γλαῦκάς
788 1390 836 1422 τε
885 1370 967 1421 καὶ
1005 1372 1292 1436 νυκτερίδας
1330 1370 1547 1421 ἔκαυσαν
1583 1370 1667 1421 καὶ
1703 1366 1793 1436 τὴν
1818 1389 1859 1422 15

101 1449 316 1504 σποδιὰν
371 1448 535 1502 αὐτῶν
589 1457 689 1512 τοῖς
736 1450 1018 1518 πινομένοις
1065 1451 1340 1503 ἐπέπασσον
1385 1446 1418 1517 ἢ
1467 1447 1580 1517 μεθ’
1635 1446 1790 1518 ὑγροῦ

99 1553 237 1594 τινος
274 1538 375 1595 τοῖς
414 1538 612 1599 μαστοῖς
651 1532 890 1600 ἐπέχριον,
930 1551 1092 1598 ωνπερ
1124 1526 1546 1599 ἀποδοκιμαστέον
1577 1530 1791 1582 ἕκαστοι.

102 1611 189 1665 τὸν
234 1635 328 1681 γαρ
376 1611 617 1681 στόμαχον
663 1611 999 1692 ἆνατρέποντα
1047 1613 1131 1664 καὶ
1170 1610 1460 1680 διαφθοραν
1499 1609 1794 1680 ἐργαζόμενα

103 1691 412 1746 διπλασιάσει
450 1691 540 1760 τὴν
579 1691 837 1760 ἀτροφίαν.

217 1780 302 1828 98.
362 1777 588 1838 πλείονος
640 1774 694 1827 δὲ
733 1775 1000 1844 γενομένου
1038 1773 1274 1843 γάλακτος
1312 1782 1412 1837 τοῖς
1451 1772 1791 1840 εὐτονωτέροις
1816 1795 1860 1827 20

102 1859 395 1925 γυμνασίοις
432 1854 490 1908 τὰ
530 1854 728 1924 σώματα
761 1859 842 1908 δεῖ
865 1862 1232 1922 καταπυκνοῦν,
1263 1855 1534 1924 παχυτέρου
1569 1854 1622 1907 δὲ
1655 1853 1794 1915 ὄντος

105 1943 326 2006 λουτροῖς
379 1957 427 1990 τε
479 1942 696 2006 χρῆσθαι
751 1938 834 1989 καὶ
886 1944 1093 2006 τροφαῖς
1146 1935 1521 2006 ῥοφηματώδεσι
1566 1936 1648 1988 καὶ
1694 1941 1793 1997 τοῖς

106 2016 448 2087 ὀλιγοτρόφοις
496 2023 596 2070 τῶν
645 2018 1062 2086 προσφερομένων
1115 2019 1197 2070 καὶ
1259 2015 1547 2088 ὑδροποσία.
1639 2015 1794 2077 τινὲς

106 2100 184 2165 δέ,
232 2100 303 2152 ὡν
340 2101 463 2151 εἰσιν
517 2101 569 2152 οἷ
615 2100 726 2167 περὶ
771 2104 1123 2167 Μοσχίωνα,
1188 2097 1442 2167 κάππαριν
1487 2100 1667 2150 ἔδοσαν
1711 2098 1794 2148 καὶ

106 2182 386 2251 ῥαφανίδας
423 2180 505 2231 καὶ
542 2182 783 2248 ταρίχους,
824 2177 898 2242 οἷς
936 2201 997 2234 ου
1031 2180 1435 2249 συγκαταθετέον.
1477 2176 1558 2230 δια
1589 2199 1682 2247 γαρ
1708 2182 1794 2244 τῆς
1818 2198 1859 2231 25

107 2263 440 2330 δριμυφαγίας
479 2263 522 2312 εἰ
558 2261 641 2312 καὶ
671 2257 723 2312 τὸ
755 2259 912 2328 πάχος
941 2261 1159 2329 τέμνοιτο
1184 2266 1273 2313 τοῦ
1298 2259 1550 2330 γάλακτος,
1587 2255 1619 2325 ἡ
1653 2255 1794 2310 ποιό-

104 2363 190 2410 της
229 2340 382 2395 αὐτοῦ
422 2339 732 2410 φθαρήσεται
771 2340 972 2410 δηκτικὴ
1013 2342 1253 2411 γενομένη
1294 2346 1493 2408 μᾶλλον.

227 2492 253 2531 3
301 2481 514 2544 εὖχυλοις
545 2486 647 2544 (sic)
682 2501 706 2531 c
738 2488 848 2543 (non
881 2481 1123 2542 εὐχύμοις,
1170 2486 1223 2530 ut
1254 2485 1314 2541 d).
1497 2490 1523 2529 6
1570 2479 1738 2540 άτροφ.
1772 2497 1795 2527 c

99 2547 241 2603 (corr.
273 2546 345 2603 E).
498 2542 806 2615 συνευτρέφει
839 2559 863 2589 c
896 2547 1029 2601 (corr.
1063 2545 1135 2602 E).
1282 2549 1335 2588 12
1372 2541 1571 2613 ἔχρησαν
1602 2557 1627 2586 c
1661 2545 1791 2598 (corr.

109 2604 182 2661 D).
308 2609 362 2648 13
394 2609 490 2656 τοῖς
521 2601 601 2649 δια
634 2618 723 2648 om.
758 2619 782 2648 c
814 2604 938 2659 (add.
973 2604 1042 2660 Ε)
1138 2608 1191 2648 17
1223 2620 1334 2655 τους
1365 2599 1570 2660 μαστοὺς
1601 2616 1625 2646 c
1660 2604 1791 2672 (corr.

108 2663 182 2719 E).
361 2659 481 2720 ἅπερ
516 2666 582 2721 (..
602 2662 843 2720 .ε’καστον)
879 2677 903 2706 c
936 2666 1068 2720 (corr.
1101 2663 1173 2720 Ε).
1349 2666 1402 2706 18
1434 2662 1516 2706 καὶ.
1546 2657 1739 2717 φθορὰν
1773 2674 1796 2703 c

112 2723 245 2777 (corr.
277 2723 345 2778 E)
485 2728 538 2767 19
572 2719 872 2796 ἄποτροφίαν
906 2737 930 2767 c
963 2724 1097 2780 (corr.
1121 2723 1201 2793 Ε).
1324 2727 1379 2766 21
1414 2724 1495 2766 δεῖ
1518 2720 1574 2764 Ε.
1612 2718 1664 2764 δὲ
1698 2734 1735 2763 c.

112 2786 168 2825 22
201 2781 427 2838 χρῆσθαιε
461 2783 545 2838 χρῆ
579 2779 642 2833 ὥς
651 2782 774 2853 (sic)
809 2795 844 2826 0.
983 2787 1041 2825 24
1073 2778 1338 2837 κάππαριν·
1371 2780 1451 2825 καὶ
1483 2776 1663 2835 ππάριν
1694 2778 1796 2834 (sio)

107 2853 150 2884 -ο,
272 2845 328 2884 26
363 2838 409 2884 εἰ
435 2840 516 2884 καὶ
548 2841 606 2886 E:
638 2837 667 2897 ἡ
701 2858 822 2886 κατα
856 2855 893 2886 c
999 2837 1028 2897 ἡ
1065 2855 1153 2886 om.
1187 2855 1210 2885 c
1243 2840 1366 2897 (add.
1400 2839 1469 2896 E).
1576 2842 1632 2882 27
1666 2839 1796 2893 φθα-

202 2922 379 2963 Soranus,
404 2922 462 2956 ed.
485 2922 597 2956 Rose.
1477 2917 1530 2956 18
