2014 3162
875 96 1273 149 —218—

237 248 285 280 τε
316 228 398 279 καὶ
428 226 610 294 κρόκου
635 229 716 280 καὶ
741 226 984 295 οἰνάνθης
1007 229 1090 280 καὶ
1122 231 1294 280 σιδίων
1326 226 1575 296 ὀμφακίου
1599 232 1681 282 καὶ
1703 234 1922 298 κηκίδων

237 306 550 372 ὑποκιστίδος
580 330 626 361 τε
657 310 740 362 καὶ
771 307 977 372 ἀκακίας
1001 312 1083 362 καὶ
1106 308 1264 378 πάλης
1287 307 1519 377 ἀλφίτων.
1557 312 1922 379 παραμένοντος

239 389 294 441 δὲ
332 395 420 443 τοῦ
453 391 620 458 ἐμέτου
651 392 733 442 καὶ
763 396 848 457 τῆς
879 396 976 442 τῶν
1009 394 1172 443 σιτίων
1211 389 1461 460 ἀποβολῆς
1499 390 1698 460 ἁρμόσει
1735 391 1794 445 τὰ
1833 393 1921 460 μὲν

238 465 366 537 άκρα
406 470 754 538 διαδεσμεύειν.
824 476 881 540 τῇ
919 469 1011 539 γὰρ
1051 470 1238 524 τούτων
1275 471 1522 525 πυκνώσει
1560 476 1922 526 συνδιατίθεται

193 571 214 604 5
237 552 320 604 καὶ
360 549 385 605 ὃ
426 550 672 620 στόμαχος.
749 549 782 619 ἢ
822 552 904 603 καὶ
943 555 1011 614 εἰς
1049 550 1213 614 ζεστὸν
1251 552 1388 621 ὕδωρ
1425 552 1764 622 καταβάπτειν.
1840 555 1922 606 καὶ

237 630 330 701 γὰρ
377 638 517 686 τοῦτο
562 638 620 704 τῇ
659 631 873 684 ἐπιτάσει
910 632 1235 687 πυκνωτικόν.
1311 632 1433 687 κατὰ
1473 635 1526 686 δὲ
1563 641 1650 688 τοῦ
1690 633 1922 703 στόματος

235 719 322 780 τῆς
374 717 560 775 κοιλίας
611 712 948 781 πλατύστομον
1002 713 1179 766 σικύαν
1232 713 1344 782 μεθ’
1395 712 1645 783 ὑποβολῆς
1699 719 1924 780 πλείονος

236 794 422 863 φλογὸς
458 801 661 861 κολλᾶν,
731 798 775 847 εἰ
820 795 872 846 δὲ
912 794 979 862 μή
988 834 1002 861 ,
1049 797 1132 847 καὶ
1171 796 1403 865 δευτέραν
1441 795 1562 848 κατὰ
1602 795 1922 865 μεταφρένου.

235 875 314 926 καὶ
354 873 447 943 γὰρ
485 878 835 943 παραπλησίως
874 874 1130 944 ἐπέχουσιν
1170 871 1312 929 αὗται
1349 875 1435 931 τὸν
1464 878 1574 945 περὶ
1603 883 1668 950 τῷ
1700 876 1921 949 στομάχῳ

171 978 214 1009 10
237 955 576 1024 ῥευματισμόν.
631 955 792 1009 πόνου
833 957 887 1009 δὲ
926 957 1356 1026 συμπεπλεγμένου
1394 964 1460 1030 τῷ
1500 956 1697 1028 ῥεύματι
1737 976 1924 1011 στυπτι-

237 1034 326 1089 κὸν
373 1037 462 1104 μὲν
506 1043 562 1107 τῇ
610 1036 818 1105 δυνάμει
862 1037 1285 1105 καταπλασμάτιον
1330 1037 1686 1106 ἕπιρριπτέσθω
1733 1038 1924 1110 θερμὸν

238 1118 292 1170 δὲ
340 1124 397 1188 τῇ
446 1121 603 1184 θίξει,
655 1117 883 1185 καθάπερ
928 1115 960 1184 ἡ
1009 1116 1255 1186 ὥμήλυσις
1302 1121 1352 1182 ἐξ
1398 1115 1671 1187 ὀξυκράτου
1709 1121 1793 1172 καὶ
1831 1119 1924 1188 μά-

237 1206 370 1252 λιστα
408 1198 584 1267 ταύτης
622 1197 654 1267 ἡ
695 1198 778 1252 διὰ
816 1203 1059 1268 κριθίνων
1097 1197 1319 1266 ἀλεύρων
1356 1197 1387 1266 ἢ
1428 1202 1652 1266 πυρίνων
1683 1197 1921 1267 ἀσήστων.

351 1286 433 1332 51.
503 1279 703 1348 μάλιστα
747 1281 800 1333 δὲ
837 1281 1138 1348 προνοητέον
1175 1286 1263 1333 τοῦ
1303 1279 1579 1345 διατάσσειν
1616 1280 1804 1349 τροφὰς
1842 1280 1923 1335 εὖ·

170 1381 212 1414 15
237 1359 509 1429 στομάχους
567 1359 906 1429 εὐδιοικήτους
965 1382 1013 1414 τε
1075 1363 1158 1414 καὶ
1220 1361 1596 1429 δυσφθάρτους,
1660 1359 1768 1415 οἷον
1822 1360 1923 1435 ᾠὸν

234 1440 426 1495 ἁπαλὸν
463 1443 546 1494 καὶ
583 1441 795 1511 χόνδρον
835 1441 900 1494 δι’
937 1441 1118 1505 ὕδατος
1148 1448 1348 1510 ψυχροῦ
1379 1440 1410 1511 ἢ
1444 1441 1714 1512 ὄξυκράτου
1744 1440 1776 1510 ἢ
1807 1441 1922 1510 μετὰ

235 1522 474 1590 πυρῆνων
513 1526 632 1592 ρὀἄς
670 1521 701 1591 ἢ
743 1522 962 1591 ἀλφίτων
999 1523 1180 1576 πόλτον
1209 1523 1577 1592 ψαθαρώτατον
1608 1526 1688 1576 καὶ
1721 1522 1923 1592 μάλιστα

233 1602 319 1656 τὸν
370 1602 451 1655 διὰ
505 1609 590 1671 τῆς
636 1603 836 1672 ὀρύζης,
888 1606 971 1657 καὶ
1016 1611 1114 1657 τῶν
1159 1611 1359 1672 πτηνῶν
1403 1603 1462 1657 τὰ
1509 1604 1573 1673 μὴ
1625 1609 1922 1673 καταπίμελα

233 1686 604 1753 ψαφαρωτέραν
636 1685 690 1738 δὲ
722 1688 893 1754 ἔχοντα
922 1685 1012 1754 τὴν
1043 1685 1214 1755 σάρκα,
1246 1685 1473 1754 καθάπερ
1505 1686 1766 1756 ἀτταγῆνα,
1798 1686 1923 1753 φάσ-

166 1788 211 1820 20
230 1782 345 1832 σαν,
383 1766 606 1834 πέρδικα,
641 1765 823 1834 νήσσας
854 1765 1043 1836 ἀγρίας,
1073 1772 1255 1836 κίχλας,
1286 1767 1587 1835 κοσσύφους,
1625 1767 1922 1836 περιστεράς,

234 1847 394 1915 ὄρνεις
438 1851 767 1911 κατοικιδίους
805 1850 888 1901 καὶ
925 1848 1110 1902 τούτων
1149 1851 1351 1917 μάλιστα
1387 1871 1445 1901 τα
1486 1845 1665 1917 στήθη,
1703 1850 1786 1901 καὶ
1823 1854 1921 1902 τῶν

233 1926 506 1996 ἀγριμαίων
559 1930 703 1998 κρέας
755 1928 951 1999 λάγειον
996 1954 1028 1998 η
1078 1929 1383 2005 δορκάδειον,
1430 1935 1528 1982 τῶν
1567 1929 1621 1982 δε
1659 1928 1821 1982 άλλων
1862 1950 1920 1981 τα

233 2011 424 2078 ἐρίφεια
473 2011 556 2062 καὶ
601 2016 698 2063 τῶν
735 2016 993 2079 τρυφερῶν
1031 2014 1256 2079 χοιρείων
1294 2008 1447 2079 ρύγχη
1486 2007 1645 2072 πόδας
1684 2004 1781 2062 ὦτα
1819 2031 1923 2063 κοι-

234 2092 339 2152 λίας
378 2089 575 2159 μήτρας,
614 2097 712 2143 τῶν
752 2091 806 2144 δὲ
845 2090 942 2144 ἀπὸ
981 2091 1236 2159 θαλάσσης
1275 2089 1456 2158 ὁμοίως
1492 2088 1548 2143 τὰ
1588 2089 1922 2159 στερεόσαρκα.

168 2193 213 2226 25
236 2167 424 2223 τούτων
464 2172 518 2223 δέ
557 2174 648 2224 εἰσι
685 2175 892 2242 τρίγλαι,
943 2171 1176 2242 κάραβοι,
1224 2175 1443 2241 καρίδες,
1490 2171 1723 2240 κήρυκες,
1770 2170 1920 2239 σφόν-

235 2255 399 2318 δυλοι,
453 2256 738 2321 πελωρίδες,
791 2251 1062 2321 πορφύραι.
1137 2252 1366 2322 λαχάνων
1413 2253 1466 2305 δὲ
1513 2253 1645 2321 σέριν
1697 2251 1837 2321 ὠμήν
1874 2274 1922 2306 τε

232 2334 317 2384 καὶ
355 2332 548 2400 ἑφθήν,
597 2337 825 2402 σίσαρον,
872 2332 1184 2403 ἀνδράχνην,
1222 2332 1600 2403 ἀρνόγλωσσον,
1634 2331 1923 2403 ἀσπάραγον

353 2480 378 2517 2
413 2475 513 2522 καὶ.
564 2476 665 2522 ,noel
696 2478 756 2522 E:
789 2473 840 2534 ἢ.
1193 2483 1219 2522 5
1251 2472 1280 2533 ἢ
1314 2478 1393 2522 καὶ
1426 2479 1536 2522 στος
1585 2477 1666 2521 καὶ
1695 2473 1724 2533 ἡ
1761 2475 1921 2531 ζεστόν

232 2530 362 2590 ύὸωρ
394 2551 451 2579 τα
485 2513 651 2594 καταβ,
685 2551 724 2580 c.
909 2543 934 2581 6
969 2535 1195 2594 στόματος
1227 2538 1322 2593 (sic,
1355 2549 1446 2580 non
1480 2534 1733 2593 στομάχου)
1768 2550 1806 2582 ο.
1862 2537 1921 2582 cf.

236 2594 360 2639 Cael
395 2608 465 2639 ox.
500 2599 541 2651 3,
568 2599 651 2639 201
687 2596 777 2652 (ori
805 2597 1004 2641 ventris.
1055 2596 1333 2652 ‚aliquando
1365 2596 1501 2639 etiam
1533 2609 1564 2639 a
1593 2597 1747 2653 teryo).
1893 2600 1919 2640 9

234 2653 312 2698 καὶ
348 2649 458 2710 γάρ;
491 2650 575 2710 χρὴ
609 2670 698 2710 γαρ
731 2668 768 2699 c.
908 2660 961 2698 11
994 2655 1156 2725 θερμῶ
1193 2668 1216 2697 c
1249 2656 1383 2710 (corr.
1417 2653 1491 2709 D).
1615 2658 1668 2698 12
1702 2654 1830 2708 θίξει
1861 2653 1922 2698 13²

234 2728 279 2769 p.
305 2715 381 2756 28:
413 2713 606 2765 καθίζει
638 2727 674 2757 c.
856 2709 884 2769 ἡ
909 2709 1020 2785 ὠμὴ
1054 2711 1200 2757 λύσσα
1233 2727 1257 2757 0
1289 2716 1420 2768 (corr.
1454 2711 1526 2768 D).
1692 2710 1740 2766 ἐξ
1774 2727 1862 2758 om.
1896 2726 1920 2758 c
1945 2763 1962 2768 ἢ

235 2770 358 2828 (add.
391 2771 447 2827 E,
478 2768 558 2815 διὰ
592 2771 663 2828 D).
807 2777 860 2817 17
892 2768 1103 2828 αφίλτων
1136 2771 1239 2828 (sic)
1272 2786 1295 2816 c
1329 2773 1462 2827 (corr
1495 2771 1555 2827 d).
1678 2776 1733 2815 21
1768 2787 1920 2816 κατοι-
1948 2816 1952 2817 ⁷

234 2833 482 2886 κητηρίους
514 2844 552 2875 ο.
674 2835 730 2875 27
766 2832 926 2889 ἴσαρον
960 2831 1057 2888 (sic)
1092 2845 1115 2876 c
1148 2833 1278 2889 (corr.
1312 2830 1374 2886 d)
