2014 3162
851 110 1253 163 —214—

204 243 525 310 τινασσομένη
574 242 662 310 μὲν
707 248 878 311 κρατεῖ
916 241 967 295 τὸ
1009 243 1221 311 σπέρμα,
1267 244 1566 311 σαλευομένη
1607 244 1661 296 δὲ
1699 241 1892 312 ἀφίησι.

205 327 447 396 βαλανείῳ
497 324 550 376 δὲ
595 329 810 392 χρῆσθαι
847 325 1125 394 θερμοτέρῳ
1174 325 1258 376 καὶ
1294 329 1392 376 τῶν
1430 323 1590 392 ἀέρων
1629 325 1772 377 ἕνεκα
1810 326 1891 377 καὶ

205 411 303 458 τῶν
339 403 561 470 ὑδάτων,
601 406 748 473 χωρὶς
786 405 1104 473 ἐγχρονισμοῦ
1143 406 1228 457 καὶ
1266 410 1449 472 πολλῆς
1487 404 1784 474 ἐξιδρώσεως
1823 408 1891 468 εἰς

203 483 255 539 τὸ
295 484 361 554 μὴ
401 484 748 555 θρυπτόμενον
786 486 1144 547 ε’ξατονίζεσθαι
1180 484 1233 539 τὸ
1274 491 1425 553 σῶμα.
1479 492 1694 554 χρῆσθαι
1725 487 1779 538 δὲ
1810 487 1891 538 καὶ

137 586 159 619 5
206 573 383 666 ψυχρῷ
431 568 734 665 συμμέτρως,
790 563 856 627 ὥς
903 563 967 633 μὴ
1009 565 1234 634 φρικώδη
1274 567 1506 636 γενέσθαι
1545 570 1891 633 συναίσθησιν.

204 669 320 714 μετα
361 648 414 700 δὲ
452 645 543 715 τὴν
582 645 956 714 ἀποθεραπείαν
996 650 1077 699 δεῖ
1107 645 1332 714 ἆσιτῆσαι
1369 647 1462 709 ἕως
1491 669 1557 699 αν
1585 645 1807 717 ἠρεμήσῃ
1838 645 1890 701 τὸ

203 733 341 795 σῶμα
379 729 460 780 καὶ
499 725 531 795 ἡ
571 725 754 796 ταραχὴ
794 732 881 780 τοῦ
919 726 1196 795 πνεύματος
1233 728 1315 780 καὶ
1355 725 1381 781 ὁ
1422 726 1567 790 σαλος
1597 734 1695 780 τῶν
1725 725 1892 797 υγρῶν

202 807 588 880 ἆπογαληνωθῇ.
663 812 923 877 προπίνειν
970 808 1023 860 δὲ
1062 810 1198 877 μέχρι
1235 811 1461 872 πλείονος
1498 807 1634 877 ὕδωρ
1672 807 1891 877 ὕστερον,

202 887 306 949 ἀλλ’
351 893 395 943 εἰ
431 891 664 957 συνηθές,
703 891 786 942 καὶ
824 887 1045 957 οἰναριον
1084 887 1262 958 ὀλίγον.

135 992 180 1025 10
316 977 402 1024 47.
478 973 648 1039 μηδεὶς
695 970 749 1023 δὲ
795 967 1178 1037 υπολαμβανέτω
1207 969 1299 1023 ’ὄτι
1345 993 1441 1023 καν
1486 968 1891 1039 παραβαινούσης

201 1051 333 1115 τινὸς
371 1054 479 1104 ε’νια
516 1057 613 1105 τῶν
651 1051 921 1119 εἰρημένων
957 1074 989 1117 η
1030 1071 1190 1102 παντα
1228 1074 1293 1118 μη
1333 1055 1554 1121 γίγνηται
1594 1058 1680 1104 τοῦ
1718 1057 1891 1118 συλλη-

202 1134 418 1199 φθέντος
457 1135 699 1200 ε’κτρωσις,
739 1130 848 1200 οὖχὶ
886 1152 1081 1193 παντως
1118 1129 1345 1199 ηδίκηται
1375 1131 1428 1185 τὸ
1461 1133 1761 1199 συλληφθέν.
1810 1132 1891 1199 βέ-

201 1213 540 1283 βλαπται·γὰρ
581 1212 700 1266 ὥστε
739 1214 820 1264 καὶ
859 1210 1166 1281 ἆγονώτερον
1204 1216 1462 1282 γίγνεσθαι
1500 1215 1582 1265 καὶ
1621 1211 1888 1280 ἆναυξητό·

199 1315 339 1363 τερον
389 1296 471 1347 καὶ
522 1293 925 1362 δυστροφώτερον
973 1316 1056 1346 και
1106 1315 1226 1345 κατα
1275 1291 1327 1346 τὸ
1379 1292 1550 1347 κοινὸν
1599 1292 1890 1360 ευαδίκητον

137 1396 179 1430 15
205 1374 451 1429 εὖαλωτόν
497 1397 545 1428 τε
582 1383 684 1438 τοῖς
722 1371 991 1443 βλαπτουσι
1028 1375 1112 1426 καὶ
1149 1373 1471 1443 κακόμορφον
1508 1376 1590 1427 καὶ
1628 1397 1750 1427 κατα
1789 1389 1889 1442 ψυ-

200 1456 293 1525 χὴν
332 1455 514 1526 ἆγενές.
585 1458 730 1525 χωρὶς
780 1459 823 1508 εἰ
861 1454 925 1523 μὴ
965 1461 1062 1507 τῶν
1101 1455 1190 1522 μὲν
1228 1457 1659 1524 οἰκοδομουμένων
1697 1454 1788 1509 όσα
1825 1478 1890 1508 αν

200 1538 472 1607 πεπηγόσιν
510 1539 891 1604 ἐποικοδομηται
929 1543 1029 1599 τοῖς
1067 1539 1310 1603 θεμελίοις
1346 1540 1725 1605 δυσπερίτρεπτα
1757 1537 1890 1603 μένει

199 1622 383 1672 πλείοσι
433 1618 649 1687 χρόνοις,
703 1613 797 1670 ὅσα
844 1618 897 1670 δὲ
945 1624 1152 1684 σαθροῖς
1189 1619 1273 1669 καὶ
1311 1615 1546 1684 ἆπήκτοις
1584 1620 1767 1688 ῥᾳδίως
1805 1619 1887 1669 καὶ

199 1698 323 1766 πρὸς
354 1697 525 1767 ὀλίγην
556 1697 790 1767 ἀφορμὴν
821 1696 1181 1766 ἆπορρίπτεται,
1218 1703 1316 1750 τῶν
1347 1698 1401 1749 δὲ
1432 1697 1570 1768 ζώων
1601 1695 1631 1764 ἡ
1663 1699 1889 1767 γέννησις

133 1802 176 1834 20
201 1782 331 1834 ἔσται
371 1780 612 1848 διάφορος
650 1778 786 1848 παρὰ
823 1778 876 1832 τὸ
914 1787 1015 1842 τοῖς
1053 1777 1263 1848 πρώτοις
1303 1776 1481 1831 ὡσανεὶ
1520 1783 1769 1847 στοιχείοις
1807 1781 1888 1832 καὶ

198 1865 444 1930 θεμελίοις
483 1859 743 1929 διαφόροις
781 1862 1129 1928 ἐξερεισθῆναι.

309 1949 396 1996 τοῦ
444 1943 714 2009 σπέρματος
761 1942 815 1993 δὲ
860 1939 1264 2005 ἆποπτυσθέντος
1315 1940 1746 2008 καταληφθήσεται
1799 1942 1907 2009 μὲν

197 2024 250 2078 τὸ
302 2023 502 2095 γεγονὸς
549 2025 602 2076 ἐκ
648 2028 734 2075 τοῦ
773 2021 1032 2092 κάθυγρον
1068 2023 1155 2077 τὸν
1191 2029 1475 2092 γυναικεῖον
1511 2021 1697 2076 κόλπον
1734 2020 1887 2089 ὑπάρ-

197 2127 316 2174 χειν,
358 2103 671 2173 διορθώσεως
711 2103 765 2156 δὲ
802 2103 1014 2167 τεύξεται
1051 2102 1176 2171 πρὸς
1212 2102 1264 2156 τὸ
1306 2101 1370 2170 μὴ
1411 2104 1494 2154 καὶ
1533 2101 1759 2171 δεύτερον
1796 2102 1887 2171 τὴν

131 2207 174 2240 25
199 2185 355 2254 αὐτὴν
400 2191 484 2253 τῆς
532 2183 820 2252 συλλήψεως
866 2183 1136 2253 ἀποτυχίαν
1183 2185 1429 2254 γενέσθαι.
1505 2184 1585 2235 καὶ
1625 2183 1709 2236 διὰ
1746 2191 1886 2238 τοῦτο

195 2274 464 2335 περιαιρεῖν
503 2266 608 2332 μέν,
657 2268 706 2318 εἴ
735 2287 806 2328 τις
845 2265 1090 2334 σωματικὴ
1131 2270 1345 2333 κίνησις,
1384 2271 1792 2332 παραμυθεῖσθαι
1832 2265 1886 2317 δὲ

317 2436 344 2476 5
377 2430 618 2502 συμμέτρω
653 2446 678 2476 c
709 2433 841 2485 (corr.
873 2432 944 2488 E).
1083 2437 1109 2476 6
1142 2433 1221 2475 δεῖ
1247 2431 1426 2487 ι’στησιν
1459 2429 1566 2481 ἕως.
1668 2445 1706 2474 c.
1830 2435 1885 2475 10

197 2508 272 2536 οτι
301 2492 358 2535 E:
393 2487 514 2534 διότι
548 2503 585 2535 c,
710 2495 763 2534 11
797 2491 983 2547 γίνηται
1014 2489 1076 2534 D.
1110 2485 1331 2559 γίνεσθαι
1362 2504 1400 2534 c.
1523 2494 1576 2532 12
1611 2485 1885 2547 βεβλάφθαι

196 2567 288 2619 γαρ
321 2545 474 2606 ώσπερ
508 2563 533 2593 0
565 2551 696 2603 (corr,
729 2549 797 2605 Ε).
946 2554 1000 2593 14
1031 2545 1151 2593 κατὰ
1186 2563 1274 2594 om.
1309 2562 1334 2591 c
1367 2547 1490 2605 (add.
1523 2547 1592 2603 E).
1719 2552 1773 2592 15
1807 2544 1883 2593 ἐυ-

195 2607 372 2660 άλωτος
403 2607 452 2653 τὲ
487 2622 511 2652 c
543 2609 678 2664 (corr.
705 2608 776 2663 D).
909 2612 962 2652 16
994 2603 1179 2651 ὁπᾶσαν
1211 2607 1312 2664 (sic)
1343 2608 1630 2663 πεπνίγωσιν
1661 2621 1686 2650 o
1719 2609 1883 2663 (neun-

195 2665 330 2725 γόσιν
360 2667 434 2724 1)).
582 2671 634 2710 17
667 2669 776 2730 θεμ.
811 2663 953 2726 οἶκος,
985 2667 1388 2737 δυσπερίτρεπτος
1407 2664 1493 2736 μὲν
1526 2664 1593 2716 εἰς
1623 2664 1726 2722 (sic)
1759 2666 1884 2710 πλεί-

196 2742 270 2771 οσι
300 2743 367 2799 χρ.
401 2740 426 2770 ο
458 2725 629 2783 (delevi
661 2722 817 2780 οἶκος).
944 2730 996 2769 19
1029 2722 1057 2780 ἡ
1092 2723 1302 2780 γέννεσις
1334 2720 1420 2768 οὐκ
1453 2740 1513 2767 αν
1547 2722 1676 2768 ἔσται
1710 2726 1750 2768 δ.
1785 2739 1823 2770 c.

196 2791 254 2831 20
290 2783 352 2838 ὡς
383 2781 445 2830 ἂν
479 2783 545 2836 εἰς
576 2799 641 2829 στ.
675 2798 711 2829 c.
895 2789 950 2828 26
983 2786 1275 2840 παραμυθεῖ.
1310 2800 1373 2834 ως
1403 2781 1456 2828 δὲ
1490 2781 1576 2839 τὴν
1607 2793 1658 2839 ψ.
1693 2797 1716 2828 c
1749 2785 1882 2841 (corr.

143 2840 268 2902 m>
