2014 3162
849 129 1250 181 -126—

206 258 322 303 cerit
361 259 408 302 et
444 259 519 302 lac
558 271 722 315 sugere
760 257 977 316 incipiat,
1024 259 1182 315 mulge
1222 259 1270 302 et
1301 271 1358 303 ex
1390 272 1443 303 eo
1474 259 1550 303 fac
1582 259 1816 303 caseolum
1848 261 1900 304 et

203 317 253 360 in
285 317 473 362 sinistro
511 317 704 362 brachio
742 317 791 361 in
833 317 1026 362 linteolo
1059 317 1320 374 obligatum
1353 317 1622 374 suspendito
1654 320 1708 362 ut
1738 319 1898 375 portet·

203 375 384 421 mulier.
446 375 529 421 sed
560 389 665 420 cum
688 376 738 419 in
761 376 982 420 balneum
1005 376 1074 420 ire
1097 376 1315 431 voluerit,
1347 376 1474 420 domi
1496 377 1631 421 illum
1659 376 1899 422 munditer

203 437 411 492 reponat.
474 434 665 491 reliquis
697 435 825 479 horis
858 435 1072 480 omnibus
1104 448 1258 479 secum
1290 435 1477 480 habeat.

159 502 179 534 5
323 499 379 538 41
414 495 488 551 (=
501 494 860 551 Leid.r9÷10)
892 495 999 550 (cfiv
1023 495 1172 550 3-4).
1205 493 1373 537 mulier
1402 495 1458 538 ut
1479 494 1619 538 facile
1646 494 1892 551 concipiat.

203 554 404 609 myrtam
434 553 633 598 viridem
664 553 807 596 tunde
841 554 890 597 et
920 567 1082 597 sucum
1115 553 1212 596 eius
1243 553 1292 596 in
1322 551 1432 596 lana
1463 553 1646 609 collige.
1710 555 1758 597 et
1788 556 1898 610 post

203 611 380 656 coitum
423 612 583 657 statim
615 610 703 655 sibi
735 611 954 668 subiciat,
1002 612 1084 655 sed
1115 626 1237 668 aqua
1268 626 1316 656 se
1347 625 1440 655 non
1470 611 1643 657 abluat.
1707 614 1755 656 et
1785 626 1893 657 con-

204 671 359 727 cipiet.

322 735 392 774 42.
447 731 501 774 ut
538 728 707 773 mulier
743 729 992 785 concipiat.
1067 729 1240 775 herbae
1280 729 1544 775 artemisiae
1584 744 1745 774 sucum
1789 743 1894 774 cum

137 797 179 829 10
203 802 358 844 myrra
399 788 514 832 trita
554 787 800 835 commisce
833 791 880 832 et
909 789 959 832 in
989 789 1100 832 lana
1132 789 1313 846 collige.
1395 788 1560 833 deinde
1593 787 1752 833 statim
1784 791 1894 845 post

205 847 379 892 coitum
412 847 589 904 subige,
621 850 668 891 et
701 847 943 904 concipiet.
1007 848 1088 892 sed
1119 848 1225 892 vide
1255 861 1314 891 ne
1348 861 1396 892 se
1429 847 1655 892 sublevet.

322 907 479 951 omnia
525 920 646 962 quae
689 908 1009 952 monstrantur
1047 908 1159 951 tunc
1197 907 1397 951 maxime
1437 907 1499 951 ad
1539 906 1754 951 effectum
1793 920 1894 963 per-

201 965 406 1020 veniunt,
439 965 479 1010 si
509 967 620 1009 tunc
650 967 766 1012 fient
795 981 900 1011 cum
930 965 1099 1010 mulier
1129 966 1503 1011 menstruabitur.

321 1029 392 1068 43.
426 1025 684 1081 pessarium
716 1038 1007 1082 emagogum.
1063 1039 1269 1082 myrram
1302 1029 1345 1070 2.
1375 1025 1410 1080 Ι,
1443 1026 1581 1070 aloen
1609 1030 1638 1075 5
1670 1026 1704 1078 Ι,
1737 1037 1894 1069 semen

136 1092 177 1123 15
203 1082 355 1127 violae
387 1089 416 1134 5
448 1085 488 1140 Ι,
537 1097 722 1128 crocum
758 1084 797 1123 L
831 1085 888 1139 ΙΙ,
938 1085 1199 1128 castoreum
1230 1086 1286 1126 «ἰν
1318 1084 1359 1139 Ι,
1409 1084 1630 1139 butyrum
1662 1084 1710 1127 et
1742 1084 1894 1127 oleum

201 1143 462 1188 nardinum.
527 1142 683 1187 omnia
713 1146 835 1188 teres
867 1145 915 1187 et
946 1143 1002 1187 de
1034 1142 1227 1187 nardino
1258 1144 1556 1200 temperabis.

321 1204 380 1245 44
420 1203 494 1258 (=
531 1202 693 1248 Leid.r
717 1204 776 1257 3).
823 1215 985 1259 pessus
1026 1202 1360 1259 conceptorius.
1438 1202 1598 1259 adipes
1659 1201 1899 1245 anserinos

202 1262 258 1300 ÷
290 1260 393 1316 IIII,
433 1274 633 1316 crocum,
666 1275 884 1317 myrram,
916 1259 1077 1316 adipes
1108 1261 1329 1317 gallinae,
1360 1260 1602 1316 masticen,
1634 1260 1788 1305 oleum
1822 1274 1898 1316 cy-

201 1318 409 1376 prinum,
459 1331 614 1363 ceram
658 1319 897 1376 punicam,
945 1319 1200 1363 medullam
1238 1319 1492 1375 cervinam,
1541 1333 1701 1363 sucum
1746 1319 1896 1375 ysopi,

136 1387 179 1419 20
201 1376 405 1422 resinam
443 1378 798 1434 terebintinam,
846 1376 1007 1434 adipes
1038 1378 1157 1431 ursi,
1201 1378 1363 1435 adipes
1403 1379 1595 1423 leaenae
1625 1393 1716 1423 ana
1748 1381 1804 1419 ἂν
1836 1378 1894 1422 ΙΙ.

201 1438 318 1481 haec
358 1435 516 1481 omnia
552 1437 603 1481 in
639 1451 812 1494 vapore
851 1437 1051 1494 decoqui
1080 1437 1246 1495 facito,
1294 1439 1342 1482 et
1372 1438 1479 1482 inde
1510 1437 1685 1482 femina
1717 1439 1893 1482 secrete

202 1498 351 1554 ponat
383 1498 431 1540 et
461 1497 560 1541 viro
592 1497 854 1541 misceatur.

321 1559 378 1599 45
412 1557 487 1612 (=
505 1554 740 1611 Leid.r4).
765 1569 929 1612 pessus
955 1554 1282 1612 conceptorius
1307 1555 1369 1600 ad
1391 1556 1622 1599 tumorem
1647 1556 1694 1599 et
1718 1555 1778 1598 ad
1802 1555 1898 1599 cal-

204 1615 443 1659 lositatem
467 1614 676 1658 matricis
702 1617 750 1658 et
773 1614 834 1658 ad
859 1614 1067 1659 duritias.
1103 1627 1352 1669 cerussam,
1368 1614 1623 1659 medullam
1643 1613 1892 1669 cervinam,

139 1682 181 1715 25
207 1687 363 1718 ceram
379 1673 611 1730 punicam,
628 1674 862 1730 butyrum,
888 1673 1041 1718 oleum
1066 1673 1332 1728 gleucinum
1361 1675 1409 1717 et
1424 1673 1668 1717 nardinum
1687 1673 1894 1726 ana÷L

201 1733 403 1777 resinam
433 1731 781 1788 terebintinam,
805 1732 1048 1787 masticem
1071 1733 1146 1776 tus
1170 1732 1443 1787 masculum,
1469 1746 1683 1788 spumam
1706 1731 1891 1789 argenti

203 1791 367 1847 aequis
413 1790 712 1847 ponderibus,
784 1792 840 1835 ut
886 1804 1026 1848 supra
1072 1790 1246 1847 scripta
1293 1792 1420 1848 sunt,
1469 1805 1588 1847 quae
1628 1791 1752 1836 sicca
1791 1794 1897 1835 sunt

201 1850 360 1894 tundis
403 1852 452 1894 et
490 1849 704 1895 cribellas
743 1851 790 1895 et
819 1850 954 1905 teris,
1003 1852 1050 1895 et
1083 1849 1223 1894 solvis
1256 1863 1396 1907 supra
1426 1849 1574 1895 dictas
1605 1850 1801 1907 species,
1850 1852 1896 1896 et

201 1909 359 1954 uteris.
421 1922 729 1966 permagnum
761 1911 845 1954 est.
1905 1947 1908 1950 .

135 1976 178 2010 30
320 1973 393 2012 46.
439 1982 599 2025 pessus
637 1967 913 2012 malacticus
956 1967 1016 2012 ad
1055 1967 1252 2012 duritias
1294 1966 1413 2027 (et)
1442 1968 1502 2012 ad
1533 1967 1895 2012 declinationem

201 2026 424 2071 matricis.
495 2040 649 2071 ceram
693 2027 912 2083 punicam
952 2029 1008 2069 ’ἐν
1047 2026 1088 2081 Ι,
1139 2027 1299 2082 adipes
1340 2027 1592 2083 anserinos‚
1639 2027 1893 2072 medullam

203 2085 436 2132 cervinam
469 2098 559 2129 ana,
589 2089 646 2127 ’ὲ
677 2085 699 2128 Ι
730 2087 777 2130 et
808 2085 853 2142 S,
886 2099 1109 2143 oesypum
1142 2086 1184 2127 2.
1214 2085 1314 2130 IIII.

317 2149 373 2189 47
407 2146 484 2200 (=
508 2145 670 2190 Leiria*
694 2146 754 2201 5).
801 2146 1056 2201 pessarium
1087 2143 1448 2202 conceptorium.
1511 2144 1766 2189 medullam
1799 2158 1894 2189 cer-

201 2201 375 2260 vinam,
407 2203 608 2247 resinam
638 2202 983 2260 terebintinam,
1020 2207 1262 2260 storacem,
1295 2204 1532 2260 masticen,
1565 2217 1725 2248 sucum
1747 2204 1894 2261 ysopi,

322 2325 348 2364 2
382 2320 663 2378 obligatum:
708 2321 879 2379 obliga.
912 2335 1034 2365 nunc
1066 2323 1180 2378 (sic).
1304 2327 1330 2365 3
1361 2320 1547 2366 balneo.
1672 2326 1696 2366 7
1729 2321 1893 2365 abluat

202 2379 357 2425 Leid.:
391 2379 606 2424 sublavat
635 2381 748 2437 (sic).
859 2386 911 2424 11
947 2380 1160 2426 sublevet
1189 2380 1341 2427 Laid:
1374 2380 1561 2425 subluat
1585 2379 1767 2436 (abluat
1786 2379 1891 2437 W.).

264 2444 317 2483 13
349 2438 715 2484 menstruabitur
747 2440 848 2497 (sic)
880 2452 1055 2496 pessos,
1104 2441 1205 2496 (ubi
1234 2452 1396 2496 pessos
1427 2443 1492 2483 est
1514 2452 1605 2495 pro
1635 2440 1783 2484 titulo.
1829 2453 1892 2484 se-

202 2502 409 2555 quuntur
438 2499 558 2541 enim
587 2511 727 2555 usque
750 2499 812 2543 ad
834 2499 968 2553 finem
991 2498 1234 2556 Pessaria).
1342 2503 1398 2542 14
1430 2498 1547 2543 aloe.
1642 2502 1696 2542 16
1727 2498 1889 2542 nardo.

263 2561 318 2600 18
349 2555 530 2601 mastix.
676 2561 732 2600 20
763 2557 926 2613 adipes
957 2557 1053 2602 ursi
1085 2558 1190 2602 add.
1224 2570 1336 2602 corr.
1370 2561 1452 2600 vet.
1485 2557 1538 2600 in
1566 2570 1708 2612 mary.
1832 2562 1886 2601 21

202 2616 373 2675 femine
407 2617 584 2660 secreta
614 2620 669 2672 p.
718 2615 906 2674 (femine
939 2616 1139 2673 supponi
1177 2616 1276 2671 W.‚
1331 2613 1506 2659 femina
1538 2615 1628 2659 sibi
1659 2618 1892 2672 supponat

202 2675 367 2732 Leia).
519 2678 575 2718 22
618 2676 666 2718 et
698 2675 976 2719 concumbat
1015 2675 1086 2720 W.
1119 2688 1220 2719 cum
1251 2674 1380 2719 Leid.
1519 2678 1575 2718 25
1607 2674 1889 2730 glaucinum.

201 2734 410 2778 nardum.
535 2738 591 2778 26
624 2733 831 2778 mastice.
934 2737 990 2777 28
1022 2734 1190 2777 tundes
1224 2736 1272 2779 et
1304 2733 1519 2778 cribellas
1551 2734 1675 2777 teres
1708 2734 1890 2789 (addidi

202 2795 267 2849 et)
308 2829 318 2839 .
339 2829 348 2839 .
369 2791 555 2838 ‚solves
685 2797 741 2836 30
774 2793 821 2836 et
851 2805 934 2838 om.
968 2794 1063 2838 cod.
1184 2797 1240 2837 32
1271 2805 1480 2851 ysopum.
1603 2797 1661 2836 34
1693 2793 1886 2837 storace.

201 2852 383 2898 mastix.
