2014 3162
778 134 1173 188 -405-

171 265 613 322 στερεοποιηθείσης
665 265 748 321 τῆς
794 281 934 309 κατα-

168 326 300 370 στολ
274 342 328 381 ης
351 323 409 379 ΙΙ,
424 328 494 368 86.
528 327 935 379 στερεοποιεῖσθαι

168 381 252 440 τὴν
274 342 630 438 ἒπιφάνειανΙ,
650 387 719 428 82.
751 399 808 426 τα
836 397 934 428 στε-

168 447 403 499 ρεοποιεῖν
438 439 681 498 δυνάμενα
712 441 770 497 ΙΙ,
796 446 836 487 9.

133 500 640 559 στερεμνιωτέρων
659 501 935 556 (εστερεω-

165 561 331 676 ἷέεὶιῗέ)
358 561 584 616 διαίρεσις
608 560 689 603 καὶ
705 561 937 611 τελείωσις

137 693 233 780 agn
246 679 387 780 θολὸε
401 693 466 735 σμ
478 677 532 791 [Ia
545 694 566 727 ς
577 674 938 781 (τὰςὸσυνήθξις)

133 752 451 851 στᾝέῗζίὲῗτιιν
484 734 852 851 affligas-4322
876 738 939 846 Ξὸς

166 852 359 910 άληθῶς
389 852 568 909 λέγοιτο
606 853 660 909 ΙΙ,
687 858 756 898 57.

134 929 332 984 στίμμι
363 928 419 982 ΙΙ,
445 931 501 970 88
526 928 598 982 (=
616 926 767 971 Diosc.
787 931 830 982 5,
847 927 934 982 99).

134 987 396 1036 στολίδες
442 985 564 1029 uteri
610 986 649 1039 Ι,
679 990 746 1028 14.
809 985 935 1028 sinus

166 1045 276 1089 mul.
309 1044 343 1096 1,
365 1049 419 1088 16
445 1046 519 1099 (=
539 1020 851 1099 κοτυληδόνες
883 1041 935 1087 δέ

168 1102 257 1148 εἰσι
294 1101 351 1146 τὰ
386 1100 595 1174 στόματα
625 1103 718 1146 τῶν
733 1103 936 1173 φλεβῶν

164 1163 258 1206 τῶν
292 1161 360 1212 εἰς
391 1160 476 1217 τὴν
509 1158 689 1219 μήτραν
720 1157 936 1217 ἡκουσῶν

163 1227 218 1265 ut
243 1223 351 1264 sunt
374 1221 519 1265 verba
542 1222 836 1277 Praxagorae
862 1234 935 1276 ap.

167 1280 267 1324 Gal.
311 1279 392 1335 qui
423 1279 570 1323 fertur
603 1280 659 1323 de
691 1280 814 1323 uteri
846 1279 936 1322 dis-

168 1338 374 1383 sectione
407 1352 515 1394 opp.
548 1337 606 1393 II,
633 1342 732 1383 905.
769 1337 825 1382 cf.
859 1337 936 1393 IV,

168 1399 287 1454 538).

137 1468 482 1526 στολιδώδης
514 1467 744 1527 τραχύτης
775 1471 839 1526 (in
866 1470 934 1514 in-

164 1533 249 1574 t-er.
283 1529 387 1573 sinu
416 1529 549 1585 mul.)
581 1530 616 1584 Ι,
644 1534 711 1574 18.

138 1585 313 1645 στόμα
362 1587 445 1643 τῆς
491 1590 669 1639 κοιλίας
716 1588 856 1645 (Poll.
895 1593 939 1644 2,

168 1649 272 1703 207)
303 1647 338 1703 Ι,
364 1652 434 1692 50.

138 1718 462 1778 στοματική
511 1717 607 1777 (διὰ
642 1717 802 1778 μόρων
834 1721 942 1776 etc.)

138 1780 427 1942 ⁶31⁰?ng
472 1835 609 1895 (γάλα
634 1860 690 1875 =
715 1835 879 1894 γλυκύ)
910 1837 944 1891 Ι,

141 1972 201 2000 στ
210 1973 235 2012 ρ
251 1973 280 2000 α
290 1973 317 2013 γ
328 1954 392 2012 γὴ
412 1954 647 2012 καθάρσις
659 1958 733 2013 (=
742 1956 946 2012 quot-iens

172 2017 385 2072 yuttatim
412 2020 682 2073 puryantur
705 2015 806 2069 lat.)
831 2014 888 2070 ΙΙ,
903 2019 943 2058 6.

172 2075 208 2128 Ι,
227 2079 296 2118 27.
331 2089 570 2148 στραγγως
594 2074 825 2131 (guttatim
840 2073 943 2130 lab.)

172 2131 369 2188 φέρεται
417 2133 469 2176 τὸ
519 2131 727 2190 ἔμμηνον
774 2132 840 2190 ΙΙ,
875 2137 943 2176 10.

172 2191 227 2236 Cf.
261 2192 295 2248 Ι,
321 2197 391 2237 31.
428 2196 498 2236 32.
532 2197 603 2237 42.

143 2263 586 2322 στροφουμένης
631 2265 734 2321 (τῆς
773 2260 949 2322 μήτρας

176 2322 421 2394 εἰλεωδῶς)
453 2324 510 2380 Π,
537 2329 607 2368 29.

142 2380 416 2439 στρύχνος
478 2380 710 2439 κηπευτός
770 2381 812 2438 Ι,
863 2386 948 2426 124

176 2443 393 2497 (κηπαῖος
424 2442 577 2486 Diose.
612 2447 655 2497 4,
681 2442 769 2497 71).

143 2500 367 2569 στῦφον
399 2500 455 2555 ΙΙ,
482 2505 536 2545 29
572 2503 659 2545 etc.
709 2496 790 2544 διά
822 2516 950 2551 τινος

173 2555 295 2609 πόας
335 2557 604 2615 στυφούσης
644 2556 778 2616 (μετά
823 2575 949 2610 τινος

173 2617 267 2660 τῶν
309 2616 581 2674 στυφόντων
625 2618 795 2675 χυλῶν)
836 2632 948 2673 qua-

174 2677 242 2719 les
275 2680 576 2722 recensentur
607 2677 671 2734 ΙΙ,
697 2682 768 2721 41.

147 2737 548 2848 σΙυγγυμνασία
575 2712 671 2793 (ἐν
663 2741 758 2787 τοῖς
777 2733 947 2792 ἔργοις)

146 2852 485 2908 συγκίνησις
514 2852 548 2908 Ι,
580 2858 649 2898 52.

1026 279 1187 378 aivyu·
1178 260 1201 308 ό
1214 266 1309 321 λλη
1322 278 1406 316 σις
1423 265 1523 320 (τοῦ
1542 264 1822 323 σπέρματος)

1026 380 1404 438 συγκράτησις
1457 383 1568 439 (τοῦ
1622 381 1823 442 σπέρμα-

1055 443 1148 511 τος)
1180 441 1214 496 Ι,
1240 446 1309 485 43.

1027 496 1307 570 σύγκριμα
1357 501 1592 555 (λυθεῖσαι
1631 497 1682 544 τὸ
1723 501 1824 546 πᾶν

1057 556 1305 615 σύγκριμα)
1336 557 1392 615 ΙΙ,
1418 564 1489 603 84.
1514 563 1584 605 85.
1626 560 1683 604 of.
1716 559 1823 603 Am-

1058 631 1168 661 man
1228 621 1324 662 not.
1388 618 1447 661 ad
1503 617 1624 663 Cael.
1680 633 1723 675 p.
1767 622 1823 663 86

1057 672 1311 804 {maza
1336 677 1418 779 ..δῖε
1448 676 1826 810 ειυξειιξι

1057 795 1139 850 τῆς
1179 796 1487 851 συγκρίματος
1523 794 1563 850 Ι,
1597 799 1666 839 22.
1729 800 1828 846 τοῖς

1059 854 1337 924 συγκρίμασι
1368 857 1676 910 περιπληθεῖς
1706 854 1742 909 Ι,
1753 859 1823 898 31.

1058 908 1110 955 τὸ
1159 909 1389 982 σύγκριμα
1431 912 1525 956 τῶν
1564 913 1751 983 μαστῶν
1790 914 1825 967 l,

1058 973 1127 1014 88.
1161 967 1349 1027 γραώδη
1374 970 1456 1014 καὶ
1481 966 1624 1027 άραιά
1642 973 1827 1028 συγκρί-

1057 1044 1182 1099 ματα
1214 1028 1250 1084 Ι,
1275 1033 1346 1073 88.

1028 1102 1054 1131 σ
1063 1084 1092 1130 ύ
1103 1103 1129 1143 γ
1140 1104 1167 1130 κ
1178 1104 1202 1143 ρ
1214 1104 1230 1130 ι
1241 1100 1288 1130 σι
1303 1104 1325 1137 ς
1380 1088 1671 1143 (consti‘cutio
1727 1101 1828 1133 cor—

1056 1146 1199 1202 poris)
1233 1147 1268 1202 Ι,
1293 1151 1364 1190 22.
1396 1151 1467 1192 46.
1503 1150 1574 1192 82.
1609 1150 1706 1191 105.
1743 1151 1825 1190 111

1059 1204 1133 1258 (cf.
1167 1204 1230 1248 ib.
1257 1181 1525 1276 σύστασις).
1570 1206 1627 1259 ΙΙ,
1653 1210 1724 1250 45.
1758 1210 1828 1275 53.

1058 1267 1127 1308 56.
1153 1268 1222 1308 63.
1258 1264 1444 1319 (τονοῦν
1461 1261 1561 1335 τὴν
1579 1239 1691 1334 ολην
1724 1262 1831 1334 σύγ-

1059 1323 1226 1378 κρισιν)
1261 1325 1329 1366 88.
1392 1319 1616 1379 τρέφεται
1655 1319 1683 1378 ἡ
1720 1320 1829 1380 σύγ-

1059 1395 1207 1437 κρισις
1239 1380 1273 1434 Ι,
1299 1385 1368 1426 86.

1030 1437 1567 1510 συλλαμβάνεσθαι·
1599 1438 1645 1484 εἰ
1665 1437 1723 1484 τά
1747 1441 1831 1497 τῆς

1058 1494 1241 1553 ἡλικίας
1286 1497 1658 1559 συλλαμβάνοιτο
1710 1501 1831 1556 (per-

1059 1557 1238 1611 mittat)
1272 1557 1328 1612 ΙΙ,
1355 1563 1424 1602 86.

1031 1592 1742 1676 συλλειοτριβηθεισα(ςόοὖ
1761 1613 1833 1661 λέ·

1064 1676 1219 1730 κιθος)
1252 1674 1309 1729 ΙΙ,
1337 1680 1405 1719 13.

1035 1735 1320 1802 συμμηρία
1351 1734 1386 1790 Ι,
1416 1739 1513 1780 103.

1036 1769 1391 1864 συμπάθεια.
1438 1790 1620 1848 σφοδρά
1663 1793 1728 1848 ΙΙ,
1760 1798 1831 1838 22.

1064 1847 1372 1922 ὑπερβάντων
1410 1852 1501 1895 τῶν
1540 1853 1620 1908 τῆς
1652 1867 1833 1908 συμπα-

1065 1909 1204 1960 θείας
1222 1906 1402 1981 χρόνων
1428 1911 1485 1965 ΙΙ,
1503 1915 1574 1957 41.
1609 1913 1834 1981 φλεγμαί-

1065 1985 1209 2013 νοντα
1249 1966 1369 2013 κατὰ
1411 1966 1715 2041 συμπάθειαν
1747 1967 1830 2013 τὸν

1066 2025 1296 2099 στόμαχον
1329 2027 1396 2082 ΙΙ,
1423 2033 1492 2074 29.
1557 2045 1677 2072 κατα
1720 2043 1834 2084 συμ-

1064 2083 1328 2132 πάθειαν..
1349 2086 1556 2142 ,ἔκρυσις
1588 2083 1744 2157 οὔρων
1776 2088 1834 2143 ΙΙ,

1066 2151 1136 2192 49.
1178 2123 1453 2217 συμπάθεια
1484 2146 1568 2190 τοῦ
1601 2142 1835 2202 στομάχου

1069 2205 1127 2262 ΙΙ,
1155 2210 1223 2249 17.
1264 2205 1346 2261 τῆς
1377 2202 1555 2261 μήτρας
1585 2204 1620 2260 Ι,
1648 2208 1715 2249 15.
1755 2205 1837 2260 τῆς

1069 2264 1279 2320 κεφαλῆς
1325 2267 1447 2334 (cum
1476 2239 1754 2335 ventr’iculo)
1800 2264 1836 2320 I,

1071 2329 1139 2368 63.
1173 2319 1417 2379 νευρικήΙ,
1430 2327 1499 2366 72.
1533 2298 1836 2391 συμπάθειαν

1070 2381 1151 2426 καὶ
1182 2381 1457 2456 θερμασίαν
1474 2378 1678 2452 ἐπάγειν
1711 2380 1746 2438 Ι,
1766 2385 1836 2425 66.

1071 2440 1127 2485 cf.
1161 2441 1195 2496 I,
1215 2445 1395 2486 80.118.
1429 2436 1585 2509 ῥήξεις
1615 2441 1695 2484 καὶ
1727 2454 1837 2497 συμ-

1068 2501 1277 2550 παθειάς
1309 2496 1526 2574 ἐπιφερει
1550 2499 1606 2554 ΙΙ,
1626 2503 1695 2543 59.
1730 2514 1838 2556 συμ-

1069 2560 1277 2608 παθειάς
1319 2554 1495 2616 ἐξάπτῃ
1528 2558 1607 2601 καὶ
1639 2561 1838 2614 φλεγμο-

1069 2614 1156 2668 νάς
1187 2617 1244 2671 ΙΙ,
1270 2622 1340 2663 41.

1040 2679 1370 2734 συμπαθεῖν
1409 2672 1466 2719 τὰ
1509 2671 1697 2731 ἐπίγεια
1740 2679 1838 2726 τοῖς

1069 2734 1332 2805 μεταρσίοις
1363 2734 1399 2791 Ι,
1432 2739 1502 2777 41.

1040 2790 1347 2851 συμπαθὴς
1401 2793 1481 2837 καὶ
1537 2787 1841 2865 φιλόστοργος

1069 2853 1103 2910 I,
1129 2858 1199 2898 88.
1256 2849 1640 2909 συμπαθέστεραι
1674 2847 1728 2894 αἴ
1756 2867 1841 2908 μη-
