2014 3162
727 119 1090 173 —55-

72 257 260 308 orificio
313 257 586 321 invenitur,
640 256 707 303 ita
752 260 809 303 ut
856 269 968 319 cum
1014 254 1367 319 punctionibus
1414 263 1463 306 et
1502 257 1753 308 doloribus

73 345 219 381 usum
261 331 351 378 viri
390 328 568 378 mulier
607 343 707 377 non
747 329 1002 377 sustineat.
1069 342 1181 376 nam
1221 327 1341 377 haec
1381 344 1526 379 causa
1566 346 1592 379 a
1632 332 1752 382 callo

71 410 327 468 separatur
379 401 510 467 quod
551 401 702 451 callus
742 401 864 451 nihil
902 403 953 450 in
993 407 1153 451 totum
1193 403 1371 450 sentiat
1409 418 1502 452 nec
1536 408 1752 469 torporis

72 492 274 528 sensum
313 475 503 525 habeat.

182 564 352 600 curam
406 556 570 599 antem
619 563 744 612 quae
799 550 851 598 in
907 550 1142 599 strictura
1187 550 1404 598 matricis
1451 551 1610 615 posita
1664 559 1753 617 est,
1778 560 1798 593 5

69 625 226 690 ipsam
263 623 357 674 hoc
397 623 769 674 transferemus,

711 736 790 790 IX
841 736 918 791 De
956 736 1112 791 mola.
1781 752 1872 808 (58)

182 840 317 913 (36.)
388 843 612 894 Valitudo
660 858 784 908 quae
832 843 1104 908 appellatur
1151 843 1278 892 mola
1318 844 1498 894 duritia
1536 848 1755 896 matricis

71 926 147 970 est
186 934 245 968 ex
289 918 618 983 praecedente
658 918 866 984 fervore,
906 932 1032 981 quae
1072 918 1122 966 in
1163 924 1321 967 totum
1354 925 1576 968 ventrem
1610 934 1755 985 saepe

71 999 272 1043 extensa
304 999 395 1059 est,
425 1000 481 1042 ut
510 994 579 1041 ita
610 990 832 1040 videatur
863 997 1120 1055 tamquam
1146 1006 1434 1056 praegnans,
1496 991 1756 1057 aliquando
1782 1003 1823 1035 10

73 1069 219 1117 etiam
259 1072 308 1115 et
347 1065 408 1115 de
447 1065 653 1115 vulnere
692 1066 742 1113 in
782 1066 987 1113 matrice
1019 1066 1180 1129 posito
1213 1064 1326 1129 plus
1359 1081 1472 1114 caro
1498 1069 1757 1132 excrescit,

71 1139 202 1191 unde
242 1139 484 1190 obstetrix
523 1140 728 1188 inmisso
769 1137 920 1203 digito
972 1140 1024 1187 in
1064 1139 1252 1187 orificio
1293 1138 1369 1188 vel
1407 1141 1458 1188 in
1499 1139 1624 1189 collo
1663 1141 1756 1190 hoc

71 1213 216 1280 ipsud
255 1215 455 1263 invenit.
531 1211 793 1277 aliquando
833 1213 992 1261 omnis
1031 1214 1208 1261 matrix
1247 1212 1394 1262 talem
1438 1213 1757 1263 valitudinem

70 1289 256 1353 patitur
306 1293 363 1336 ut
415 1292 588 1337 venter
627 1287 788 1335 omnis
828 1301 940 1335 cum
981 1285 1162 1335 duritia
1202 1285 1375 1351 lapidis
1416 1295 1670 1336 excrescat
1709 1295 1759 1337 et

71 1361 277 1411 relicum
333 1375 515 1425 corpus
576 1375 689 1409 cum
753 1358 878 1408 malo
934 1358 1096 1408 colore
1154 1367 1204 1409 et
1257 1359 1452 1408 fastidio
1507 1367 1755 1410 tenuetur.
1783 1370 1823 1403 15

72 1449 184 1484 nam
223 1434 338 1484 inde
378 1434 507 1483 dicta
547 1439 623 1483 est
661 1432 802 1499 mola,
849 1447 874 1481 a
915 1432 1176 1497 gravedine
1217 1440 1266 1482 et
1306 1433 1437 1498 quod
1478 1434 1614 1483 tarde
1655 1450 1756 1483 mo-

71 1514 258 1558 veatur.

186 1575 320 1650 (37.)
383 1595 668 1646 separamus
723 1586 887 1629 autem
934 1579 1110 1629 molam
1165 1579 1429 1630 habentem
1484 1596 1510 1630 a
1561 1581 1758 1646 gravida

72 1654 296 1721 muliere,
337 1654 582 1719 siquidem
619 1655 670 1702 in
717 1651 961 1718 principio
1002 1653 1238 1703 ambabus
1278 1660 1328 1703 et
1366 1660 1620 1704 menstrua
1659 1670 1759 1704 non

74 1735 339 1778 occurrant
392 1734 442 1777 et
495 1742 730 1776 mammas
777 1726 970 1776 inflatas
1017 1726 1229 1777 habeant
1277 1734 1326 1777 et
1373 1728 1623 1778 fastidium
1674 1744 1756 1794 pa·
1782 1739 1824 1772 20

74 1803 260 1853 tiantur
314 1808 364 1851 et
409 1801 724 1867 gravedinem
771 1803 823 1849 in
862 1799 1066 1850 renibus
1107 1800 1200 1850 sibi
1241 1803 1456 1851 sentiant
1499 1809 1549 1851 et
1586 1809 1760 1852 venter

196 1903 219 1942 1
254 1912 359 1943 cum
388 1899 436 1942 h:
471 1911 553 1943 om.
588 1899 655 1943 bl.
776 1902 802 1941 2
834 1912 927 1943 non
959 1898 1033 1942 bl:
1067 1911 1149 1944 om.
1182 1899 1224 1942 h.
1347 1899 1469 1943 Nam
1500 1900 1586 1944 hec
1620 1906 1760 1945 causa

79 1959 128 2003 et
157 1958 330 2002 callose
361 1959 555 2014 paratur
585 1958 635 2001 h:
689 1970 796 2002 nam
829 1957 868 2001 Sc
899 1961 955 2000 esi
987 1956 1162 2002 callosa
1194 1957 1426 2013 videat(ur
1448 1960 1481 2015 Ζ)
1515 1959 1580 2003 bl.
1733 1964 1759 2003 3

78 2016 143 2073 qd
173 2017 245 2062 bl:
277 2029 360 2062 om.
394 2018 436 2060 h.
558 2015 765 2073 corporis
798 2017 897 2073 (sic)
930 2017 1035 2061 blh.
1158 2020 1187 2059 4
1219 2030 1404 2061 sensum
1436 2018 1462 2062 b
1495 2019 1673 2074 (sensus
1707 2019 1760 2071 ὣς

43 2091 46 2093 ’
75 2088 158 2123 om.
189 2076 231 2120 h.
355 2079 381 2119 5
415 2075 987 2120 curam—transferemus
1010 2076 1058 2119 h:
1094 2090 1251 2120 curam
1282 2077 1440 2120 autem
1471 2077 1593 2121 hanc
1616 2077 1763 2121 habet:

80 2147 123 2190 q.
153 2134 184 2178 i.
217 2150 252 2180 s.
283 2149 345 2179 m.
377 2149 423 2191 p.
458 2135 530 2179 est
558 2134 662 2191 ipsa
692 2133 920 2180 faciamus
951 2136 977 2180 b
1011 2134 1251 2191 (faciemus
1283 2136 1317 2191 l)
1350 2135 1415 2181 bl.
1538 2140 1564 2179 6
1595 2137 1670 2180 hic
1699 2149 1761 2180 se-

81 2194 239 2250 quitwr
261 2194 314 2238 in
338 2194 390 2238 bl
414 2196 514 2248 (om.
543 2195 590 2249 h)
627 2194 880 2250 eapitulwm
912 2194 1150 2248 manifeste
1175 2194 1504 2251 interpolatum
1531 2194 1763 2240 CXXXIII

78 2250 306 2308 (CXXXII
336 2253 368 2308 l)
410 2252 466 2298 de
506 2253 667 2297 dolore
707 2253 915 2297 matricis
954 2254 1078 2310 (post,
1106 2254 1328 2310 partum).
1389 2253 1510 2310 quod
1538 2254 1670 2309 infra
1700 2254 1763 2298 ad

74 2311 209 2367 finem
238 2313 386 2368 operis
416 2313 731 2358 ascribendum
761 2313 892 2357 duxi.
984 2317 1010 2356 9
1042 2312 1312 2370 precedenti
1334 2313 1384 2357 h:
1415 2312 1686 2370 precidente
1710 2314 1763 2357 bl

78 2370 148 2426 (ut
169 2371 307 2416 iidem
329 2384 474 2427 supra
489 2384 541 2428 p.
559 2373 739 2426 64,14).
861 2384 979 2426 quae
1011 2372 1059 2426 b,
1092 2385 1181 2431 que
1212 2372 1263 2416 he
1293 2372 1418 2416 unde
1449 2373 1476 2416 l.
1600 2386 1760 2428 saepe:

77 2431 411 2534 semffiffipg
444 2431 517 2485 Μ’
548 2431 705 2534 iqua}
727 2490 800 2534 ω·
831 2432 1061 2534 ἔοῖῦῗω
1094 2431 1177 2533 (ἷζε
1176 2433 1272 2534 {⁷31⁵
1275 2432 1354 2533 ¹⁵1:2²³
1372 2430 1689 2535 ἓῖέἰιέχῆῗᾙέἐῖ
1714 2431 1763 2534 ilii

83 2546 206 2592 callo
236 2548 262 2592 b
294 2547 444 2604 (velut
473 2547 594 2593 callo
628 2549 697 2605 lt).
844 2553 898 2593 13
930 2548 1068 2605 ipsud
1100 2549 1199 2593 blh.
1347 2554 1402 2593 14
1436 2563 1539 2594 cum
1572 2551 1644 2594 bl:
1677 2562 1760 2593 om.

83 2605 125 2651 h.
217 2606 388 2664 lapidis
420 2608 493 2652 bl:
525 2606 634 2653 ·dea
664 2609 706 2652 h.
832 2611 886 2651 15
917 2607 1041 2651 male
1074 2607 1245 2652 callore
1278 2610 1327 2652 et
1356 2608 1546 2653 fastidio
1577 2610 1763 2652 tenetur

82 2663 109 2709 b
151 2665 291 2719 (malo
331 2666 486 2711 colore
526 2668 574 2711 et
612 2665 804 2711 fastidio
836 2667 1054 2711 teneatur
1084 2667 1140 2723 Z),
1188 2667 1312 2711 malo
1346 2667 1498 2712 colore
1530 2669 1579 2712 et
1610 2666 1762 2711 stadio

79 2722 297 2768 tenuetur
326 2725 368 2769 h.
515 2730 570 2770 16
602 2740 711 2770 nam
743 2726 815 2770 lh:
849 2739 932 2770 om.
958 2727 996 2771 b.
1143 2727 1192 2770 et:
1221 2727 1270 2770 h:
1303 2739 1386 2772 om.
1420 2727 1485 2771 bl.
1627 2726 1762 2770 tarde

81 2780 155 2825 kz:
186 2784 284 2828 arte
316 2784 357 2828 b.
479 2790 536 2830 20
570 2787 813 2829 occurrant
845 2785 917 2829 bl:
950 2786 1078 2829 -runt
1107 2786 1137 2830 h
1161 2786 1282 2841 (item
1304 2785 1501 2831 habent.
1521 2821 1530 2830 .
1550 2784 1760 2841 .paciun-

84 2839 161 2883 tur
190 2841 248 2896 h).
369 2847 424 2887 21
458 2843 506 2887 in
538 2844 724 2888 renibus
755 2843 844 2888 sibi
877 2843 1083 2888 sentiunt
1113 2845 1235 2899 (—ant
1264 2845 1297 2900 l)
1330 2845 1377 2888 b:
1410 2857 1493 2889 om.
1525 2845 1567 2887 h.

171 2921 350 2965 Soranus,
374 2925 419 2957 ed
455 2925 564 2958 Rose.
1470 2921 1495 2959 5
