2014 3162
752 119 1153 172 —319—

104 270 260 320 σηται,
313 250 371 304 τὰ
418 250 465 303 δ’
516 253 570 306 ἐν
616 250 777 305 ἆνέσει
823 255 917 325 δρᾷ
954 251 1046 319 τήν
1085 250 1352 322 ἐξαλλαγὴν
1390 259 1473 320 τῆς
1511 271 1789 323 προηγησα-

102 333 251 400 μένης
290 335 468 399 αἰτίας,
525 331 616 386 οὖκ
656 333 1066 400 ἕξαλλασσομένης
1106 338 1191 400 τῆς
1229 334 1511 399 ἐπιμελείας.
1590 333 1666 387 διὸ
1705 336 1789 387 καὶ

107 417 375 482 Θεμίσων
421 413 632 482 μεμπτὸς
679 416 759 468 ἐπὶ
805 414 893 482 μὲν
941 420 1027 482 τῆς
1065 416 1211 483 χωρὶς
1248 420 1472 483 πυρετῶν
1511 422 1789 484 φλεγμονῆς

105 492 365 564 χαλαστικὰ
406 494 675 563 δοκιμάσας
715 494 796 547 διὰ
842 496 945 549 τοῦ
992 499 1188 563 τρίτου
1227 502 1340 548 τῶν
1378 500 1656 564 χρονίων,
1710 498 1788 548 ἐπὶ

102 576 156 628 δὲ
208 581 292 643 τῆς
331 574 447 643 μετὰ
486 582 707 645 πυρετῶν
745 576 802 630 τὰ
842 575 1087 643 σταλτικοὶ,
1138 576 1377 646 στρύχνου
1416 579 1496 629 καὶ
1533 580 1788 645 περδικίου
1835 597 1855 629 5

103 655 275 726 χυλόν,
329 655 601 725 ἀπατηθεὶς
648 655 714 720 ὦς
761 655 843 710 διὰ
888 657 978 726 τὴν
1024 657 1419 727 συνεδρεύουσαν
1464 656 1687 728 πύρωσιν
1731 657 1789 710 τὰ

102 736 319 805 ψυκτικὰ
358 743 677 807 παραλαβεῖν,
716 737 918 806 ὕστερον
960 738 1013 790 δὲ
1051 740 1133 791 καὶ
1172 737 1545 808 ὖδρορρόδινον,
1584 738 1649 807 μὴ
1686 741 1790 792 ἐπι-

108 819 285 888 στήσας
324 819 396 873 ὅτι
436 818 502 872 δι’
548 814 619 872 ὧν
659 820 938 872 ἐπιτείνεται
975 818 1032 871 τὰ
1072 823 1447 888 φλεγμαίνοντα,
1488 818 1571 871 διὰ
1605 818 1790 872 τούτων

101 898 133 968 ἡ
182 900 401 968 πύρωσις
448 899 656 963 αὔξεται.
735 898 812 952 διὸ
860 902 942 952 καὶ
991 898 1094 952 κατ’
1139 902 1328 953 ἐκεῖνον
1366 898 1518 953 αὐτὸν
1569 899 1650 952 διὰ
1689 922 1786 952 τοι-

102 979 262 1034 ούτων
316 983 396 1033 δεῖ
439 987 740 1050 παρηγορεῖν
784 978 842 1032 τὰ
889 979 1239 1048 συμπτώματα,
1294 980 1360 1033 δι’
1412 975 1483 1033 ὧν
1529 979 1589 1033 οὗ
1635 1000 1788 1048 παρο-
1814 1002 1858 1033 10

103 1061 313 1129 ξύνομεν
357 1060 448 1128 τὴν
496 1060 738 1114 διάθεσιν.
816 1063 1139 1129 παραιτητέον
1187 1062 1240 1114 δὲ
1278 1063 1360 1114 καὶ
1400 1059 1490 1114 ’ὅσα
1535 1066 1647 1112 τῶν
1695 1058 1791 1128 ἆρ-

102 1146 287 1212 χαίων
350 1143 508 1206 τινὲς
566 1141 814 1211 προσθετᾶ
869 1144 1042 1211 δριμέα
1099 1144 1402 1212 παρέλαβον,
1458 1145 1621 1196 ἔλαιον
1676 1141 1790 1210 μετοὶ

56 1289 61 1293 A
101 1221 329 1292 πηγάνου
378 1224 461 1275 καὶ
506 1226 792 1290 οἰσυπηρῶν
839 1225 984 1292 ἐρίων
1037 1222 1405 1293 ἆποβρέγματος
1451 1222 1697 1292 βούτυρόν
1743 1243 1791 1276 τε

101 1307 183 1358 καὶ
229 1305 377 1373 ἄρτον
424 1303 540 1372 μετὰ
588 1307 791 1374 ῥοδίνου
837 1306 920 1357 καὶ
966 1309 1209 1358 σελινίνου
1256 1307 1339 1357 καὶ
1377 1303 1612 1368 ὀξελαίου.
1689 1310 1791 1357 πᾶν

100 1385 193 1456 γὰρ
231 1384 283 1439 τὸ
323 1383 470 1455 δριμὺ
509 1387 592 1437 καὶ
633 1384 862 1452 δηκτικὸν
901 1387 1105 1454 ἔρεθίζει
1144 1386 1228 1449 τὰς
1267 1385 1546 1456 φλεγμονὰς
1584 1389 1652 1449 εἰς
1690 1387 1789 1438 ἐπί·
1814 1407 1857 1440 15

104 1484 254 1520 τασιν.

584 1588 662 1636 III
704 1586 849 1653 Περὶ
889 1584 1306 1654 σατυριοὲσεως.

217 1709 300 1758 25.
368 1707 668 1772 Σατυρίασις
715 1702 790 1756 ἐπ’
842 1701 1041 1771 ἀνδρῶν
1087 1705 1175 1771 μὲν
1220 1707 1432 1773 γίγνεται
1479 1708 1660 1770 μᾶλλον
1709 1704 1790 1754 καὶ

105 1783 186 1837 διὰ
232 1789 371 1837 τοῦτο
426 1786 488 1837 έν
542 1792 664 1846 τοῖς
719 1783 878 1847 ὀξέσι
931 1783 1017 1838 τὸν
1069 1783 1228 1838 πολὺν
1267 1786 1386 1852 ’περὶ
1440 1782 1589 1850 αὐτῆς
1642 1782 1790 1852 λόγον

107 1865 471 1934 ἔφωδεύκαμεν.
549 1869 761 1936 γίγνεται
802 1865 855 1918 δὲ
892 1866 976 1916 καὶ
1015 1867 1092 1917 ἐπὶ
1131 1871 1396 1934 γυναικῶν.
1814 1886 1858 1917 20

214 1947 478 2014 παρέπεται
528 1947 582 1998 δὲ
628 1945 796 2010 αὐταῖς
841 1944 1057 2014 κνησμὸς
1103 1947 1434 2013 ἐπιτεταμένος
1480 1952 1577 1998 τῶν
1623 1968 1790 2015 γυναι-

102 2031 249 2080 κείων
301 2025 466 2080 τόπων
519 2026 636 2094 μετὰ
689 2026 848 2081 πόνου
906 2025 1023 2079 ὥστε
1076 2025 1161 2089 τὰς
1209 2034 1371 2095 χεῖρας
1425 2021 1639 2095 συνεχῖὖς
1690 2033 1791 2088 τοῖς

226 2155 247 2192 1
284 2145 372 2194 οὐκ
407 2145 748 2206 ἐξαλλάσσομεν
779 2147 865 2224 τήν
899 2147 1168 2207 ἐπιμέλειαν
1202 2164 1225 2193 c
1258 2152 1391 2205 (quae
1425 2162 1514 2194 om.
1547 2150 1618 2205 E).
1762 2153 1788 2192 2

107 2210 160 2255 Θ.
193 2208 281 2266 μὲν
312 2204 520 2266 μεμπτὸς
553 2223 576 2253 0
616 2207 756 2262 (unde
789 2225 876 2265 μεν
906 2211 1015 2265 posia
1046 2205 1123 2253 ἐπὶ
1154 2208 1247 2264 1⁴32).
1432 2205 1510 2252 ἐπὶ
1540 2208 1621 2263 τῆς
1653 2208 1791 2264 χωρὶς

104 2268 205 2325 (sic)
248 2282 273 2312 c
316 2265 412 2324 (ἐπὶ
444 2265 497 2311 δὲ
530 2267 612 2323 τῆς
643 2264 870 2325 μετά,·ι11;
898 2282 1006 2312 mox
1036 2268 1228 2323 iterum,
1265 2281 1347 2312 suo
1381 2280 1533 2311 errore
1566 2267 1627 2324 d).
1762 2273 1788 2311 3

102 2323 385 2383 χαλαστικάς
418 2327 695 2383 δοκιμασίας
728 2341 751 2371 c
785 2327 917 2383 (corr.
951 2325 1022 2383 E).
1146 2331 1171 2370 5
1204 2323 1288 2376 τὰς
1320 2321 1565 2376 σταλτικάς
1597 2340 1622 2370 c
1653 2326 1790 2383 (corr.

102 2385 174 2443 E).
329 2390 354 2430 6
388 2381 449 2436 ὡς
480 2384 651 2430 addidi.
756 2415 774 2420 -
806 2390 861 2430 10
892 2382 1150 2442 παροξύνει
1182 2383 1268 2442 μὲν
1302 2399 1325 2428 c
1360 2387 1491 2441 (corr.
1523 2385 1594 2440 E).
1735 2389 1790 2428 14

106 2445 339 2489 σελινίνου
373 2445 419 2500 (i.
455 2458 493 2490 e.
535 2445 725 2500 apiati):
774 2446 958 2489 σελίνου
991 2459 1028 2489 ο.
1212 2449 1266 2488 15
1299 2441 1428 2501 ἕρεθ.
1462 2439 1552 2500 γὰρ
1582 2459 1621 2487 τ.
1655 2446 1731 2498 φλ.
1764 2457 1788 2486 c

105 2505 235 2559 (corr.
269 2503 340 2558 E).
490 2499 549 2548 ‘18
582 2503 638 2548 cf.
673 2503 825 2548 simile
856 2503 958 2549 init.
993 2517 1090 2561 cap.
1125 2520 1172 2549 π.
1206 2505 1493 2560 γονορροίοις.
1640 2507 1694 2546 19
1727 2517 1786 2547 sc.

104 2561 231 2619 apud
262 2561 386 2608 Cael.
418 2562 527 2606 Aur.
564 2576 632 2606 ox.
666 2563 696 2606 1.
729 2562 794 2605 ΙΠ
827 2576 863 2606 c.
892 2566 959 2606 18.
1120 2568 1176 2607 20
1208 2563 1408 2618 γίνεταιε
1442 2562 1501 2605 ab
1532 2561 1606 2605 his
1635 2561 1789 2606 verbis

0 2658 1 2681 ἢ
35 2666 38 2667 ⁷
106 2620 274 2678 incipit
310 2619 474 2665 Aetius
515 2622 591 2677 quj
633 2622 794 2665 tamen
831 2621 881 2666 in
917 2622 1148 2679 principio
1186 2623 1371 2665 tantum
1411 2620 1577 2678 capitis
1609 2636 1655 2664 π.
1690 2634 1787 2664 aar.

108 2678 208 2735 (τοῦ
249 2674 396 2725 αὐτοῦ
439 2694 500 2724 sc.
541 2680 715 2725 Sorani
754 2680 985 2738 inscripti)
1027 2681 1200 2725 Sorano
1233 2695 1342 2725 usus
1375 2682 1467 2736 est,
1500 2680 1563 2724 sic
1597 2679 1789 2723 Γίνεται

105 2737 184 2782 καὶ
218 2735 297 2783 ἐπὶ
327 2755 428 2795 γυν.
460 2735 490 2795 ἡ
525 2754 623 2783 σατ.
656 2738 886 2797 λεγομένη
919 2734 1075 2797 ὥσπερ
1116 2739 1197 2784 καὶ
1230 2736 1306 2784 ἐπὶ
1338 2740 1430 2783 τῶν
1461 2735 1648 2793 ἀνδρῶν
1679 2753 1789 2792 προ-

108 2798 309 2854 etenum:
343 2811 461 2854 quae
493 2812 549 2843 ex
579 2799 718 2843 Aetio
750 2799 829 2854 qui
861 2799 927 2844 sic
957 2799 1126 2856 incipit
1159 2798 1375 2843 Soraneis
1407 2797 1540 2842 addit
1571 2811 1607 2841 ο.
1730 2800 1786 2839 22

105 2853 253 2901 πόνου
285 2857 409 2903 Aeta:
442 2853 603 2900 πόνων
637 2870 674 2901 ο.
