2014 3162
732 137 1134 190 -129—

531 356 955 411 OAPITVLVM
1003 355 1329 411 SPVRIVM

367 459 413 517 (i.
447 472 485 503 e.
519 457 638 502 alius
672 458 912 502 cuiusdam
943 456 1164 514 auctoris)
1199 457 1410 502 codicum
1441 459 1503 502 bl

657 562 782 618 (post
812 562 871 618 II,
904 565 930 605 8
962 561 1203 617 insertum)

484 708 577 766 [De
609 708 786 754 dolore
817 707 1064 753 matriciS.
1096 707 1207 761 VIII
1241 709 1358 765 (bis).

207 811 352 856 Dolor
384 825 568 868 qnoque
600 810 808 856 matricis
832 814 942 868 post
962 813 1150 867 partum
1172 812 1289 855 haec
1315 812 1448 869 signa
1470 812 1628 857 habet.
1674 827 1776 857 cum

86 885 139 917 se
170 870 342 916 matrix
372 870 433 915 ad
464 871 756 923 stomachum
785 870 961 924 fecerit,
995 870 1243 916 vehemens
1273 871 1480 915 nascitur
1505 871 1649 927 dolor,
1682 873 1778 917 tor—

87 943 201 998 pore
232 942 419 986 quoque
443 928 693 986 adfligitur,
725 927 960 974 interdum
986 928 1128 974 etiam
1152 929 1442 974 exanimatur
1463 930 1518 974 ut
1541 932 1779 988 tamquam

88 991 137 1034 in
176 988 404 1034 comitiali
448 989 612 1033 morbo
651 987 867 1032 videatur
905 1002 1018 1033 esse.
1081 988 1227 1033 distat
1261 989 1419 1033 tamen
1448 989 1525 1033 hic
1558 1003 1689 1034 casus
1720 990 1779 1034 ab
1803 999 1824 1032 5

90 1048 338 1105 eoquod
362 1061 512 1102 neque
559 1047 683 1092 oculi
727 1049 972 1091 vertuntur
1007 1060 1157 1103 neque
1198 1062 1389 1104 spumae
1426 1048 1656 1104 profluent
1695 1063 1779 1093 nec

87 1107 219 1151 nervi
252 1105 587 1163 distrahuntur,
620 1120 760 1164 sopor
789 1108 949 1151 tamen
980 1106 1046 1151 eis
1079 1120 1178 1151 esse
1208 1106 1406 1151 videtur.
1468 1106 1636 1163 quibus
1668 1121 1779 1151 vero

83 1164 272 1211 feminis
313 1166 474 1211 crebro
511 1167 749 1210 revertens
786 1166 1063 1223 perpetuum
1103 1167 1174 1210 est
1220 1166 1301 1209 ubi
1345 1165 1530 1219 incidit,
1580 1167 1620 1210 si
1652 1169 1782 1211 extra

89 1224 211 1269 vires
244 1225 315 1269 est
345 1225 490 1279 dolor,
534 1225 723 1281 sanguis
755 1224 949 1269 emissus
982 1225 1189 1279 adiuvat,
1223 1225 1264 1268 si
1293 1239 1464 1282 parvus
1497 1227 1580 1279 est,
1622 1239 1781 1269 cucur-

89 1284 216 1328 bitae
264 1284 537 1340 adfigendae
584 1285 692 1328 sunt
733 1282 1016 1340 inguinibus,
1095 1284 1134 1328 si
1171 1297 1282 1329 vero
1324 1284 1499 1328 diutius
1538 1284 1661 1329 iacet
1699 1287 1781 1328 aut
1806 1296 1847 1327 10

85 1343 245 1387 tacere
278 1342 533 1397 consuevit,
568 1344 742 1400 adponi
773 1343 961 1399 oportet
989 1342 1179 1387 naribus
1204 1342 1303 1387 eius
1334 1345 1490 1387 ustum
1522 1357 1577 1387 ex
1607 1343 1780 1387 carnali

18 1404 22 1408 ”
89 1401 346 1459 ligamento
392 1402 469 1446 vel
519 1401 647 1446 aliud
692 1402 817 1458 quod
864 1403 1023 1458 potest
1074 1402 1222 1446 fetore
1271 1402 1424 1446 odoris
1478 1400 1779 1461 <prod>esse.

88 1460 296 1516 itemque
342 1474 464 1518 aqua
502 1460 675 1517 frigida
710 1460 900 1517 perfusa
938 1461 1130 1506 adiuvat
1169 1462 1251 1505 aut
1288 1463 1394 1506 ruta
1433 1461 1635 1506 contrita
1677 1475 1782 1505 cum

91 1519 229 1564 melle
260 1519 338 1564 vel
369 1532 425 1563 ex
457 1520 649 1577 cyprino
682 1519 806 1574 01e0‚
850 1520 926 1565 vel
958 1521 1082 1577 quod
1112 1519 1231 1564 libet
1262 1519 1390 1564 aliud
1421 1519 1625 1564 calidum
1656 1522 1781 1564 cata—

89 1577 273 1636 plasma
302 1577 595 1623 naturalibus
625 1579 885 1635 pubetenus
915 1578 1184 1636 inpositum.
1231 1578 1355 1622 inter
1384 1579 1502 1623 haec
1531 1577 1780 1635 perfricare
1806 1588 1847 1621 15

50 1651 52 1654 ’
92 1651 230 1682 coxas
278 1639 327 1682 et
365 1651 530 1694 corpus
571 1638 682 1682 eius.
745 1637 913 1682 deinde
952 1639 1033 1682 ubi
1065 1639 1126 1683 ad
1157 1652 1204 1683 se
1235 1637 1438 1691 redierit,
1481 1637 1780 1694 circumgiras

91 1696 202 1741 vino
232 1697 386 1740 totum
417 1709 596 1753 corpus.
644 1696 787 1741 etiam
811 1697 851 1740 si
875 1710 1011 1741 casus
1034 1697 1135 1754 ipse
1158 1711 1252 1742 non
1274 1696 1535 1750 revertitur,
1566 1696 1783 1741 frictione

89 1754 266 1800 cotidie
296 1755 523 1800 utendum
555 1757 601 1800 et
632 1754 737 1800 cibo
763 1758 993 1802 consueto.
1057 1756 1364 1813 sinapismum
1403 1769 1540 1812 super
1570 1757 1782 1800 ventrem

94 1814 288 1871 inponis.
335 1814 475 1859 tertio
508 1815 665 1859 autem
697 1815 772 1859 die
802 1815 879 1859 vel
903 1815 1069 1871 quarto
1092 1816 1423 1872 inponendum,
1448 1815 1596 1859 donec
1615 1828 1780 1871 corpus

93 1874 271 1919 rubeat.
319 1873 358 1918 si
390 1873 563 1918 duritia
593 1875 849 1931 permanet,
880 1874 1066 1919 mollire
1099 1874 1338 1919 commode
1370 1874 1555 1918 videtur
1585 1872 1783 1918 selinum
1805 1884 1849 1916 20

93 1933 143 1977 in
181 1931 304 1977 lacte
345 1931 587 1977 dimiSsum
625 1934 714 1978 hoc
753 1935 824 1977 est
861 1933 1142 1989 discoctum,
1189 1933 1356 1978 deinde
1392 1932 1644 1977 contritum
1676 1946 1782 1976 cum

94 2005 202 2037 cera
233 1992 341 2037 alba
381 1994 463 2036 aut
492 1992 700 2037 medulla
731 1992 919 2038 cervina
950 2006 1054 2037 cum
1085 1993 1204 2037 irino
1237 1993 1340 2037 oleo
1373 1993 1456 2037 aut
1487 2005 1648 2036 sevum
1680 1992 1781 2034 tau-

36 2109 44 2114 ·
77 2093 101 2107 ό

214 2159 241 2198 2
272 2153 416 2199 Dolor
447 2166 632 2210 quoque
663 2168 724 2197 m.
758 2155 805 2198 b:
847 2153 1017 2199 Dolore
1049 2153 1256 2199 matricis
1290 2156 1318 2199 l.
1493 2159 1519 2198 3
1550 2154 1714 2198 fecerit
1745 2155 1780 2198 l:

94 2212 239 2258 fuerit
270 2214 309 2258 b.
453 2215 662 2270 torpore:
696 2227 862 2270 corpus
895 2214 960 2258 bl.
1099 2219 1128 2257 4
1159 2213 1392 2258 exanimat
1422 2215 1487 2258 bl.
1611 2217 1636 2257 5
1668 2213 1781 2256 ista-

95 2273 253 2317 tamen
284 2273 323 2317 b.
455 2278 480 2317 6
514 2286 678 2329 spuma
708 2272 771 2316 bl.
897 2277 921 2317 7
955 2273 1275 2317 distrahantur
1305 2274 1345 2317 b.
1469 2286 1607 2328 sopor
1631 2297 1686 2304 -—
1712 2271 1781 2316 vi—

97 2330 234 2376 detur
264 2345 348 2376 om.
383 2332 423 2376 b.
604 2334 630 2374 8
665 2331 853 2375 seminis
886 2332 925 2376 b.
1108 2333 1298 2376 crebore
1331 2333 1514 2376 vertens
1547 2332 1588 2387 b,
1621 2331 1782 2374 crebor

98 2391 311 2436 evertens
343 2391 370 2435 l.
493 2391 564 2434 est
595 2391 642 2434 bz
675 2403 758 2435 om.
785 2391 811 2434 l.
935 2391 1067 2436 extra
1095 2391 1206 2435 viris
1232 2391 1297 2437 bl.
1419 2395 1445 2434 9
1479 2389 1714 2447 sanguinis
1740 2390 1778 2434 b.

160 2454 213 2493 11
245 2451 401 2494 tacere
434 2449 469 2493 l:
502 2449 652 2493 iacere
685 2450 724 2494 b.
854 2449 997 2506 aponi
1029 2451 1056 2494 l.
1182 2454 1234 2493 12
1267 2451 1463 2494 fetorem
1494 2449 1649 2493 odoris
1681 2462 1780 2493 esse

98 2508 166 2552 bl.
291 2513 344 2552 13
376 2506 593 2564 idemque
626 2509 691 2552 bl.
817 2513 871 2552 14
896 2507 1100 2553 calidum
1131 2522 1214 2553 om.
1241 2510 1267 2553 Z.
1394 2512 1447 2552 15
1474 2507 1783 2564 compositum

98 2567 128 2611 l.
252 2571 306 2611 16
339 2567 437 2612 eius
469 2580 552 2611 om.
586 2568 613 2611 l.
742 2567 824 2612 ubi
856 2569 906 2612 b:
939 2567 1061 2612 unde
1093 2569 1122 2612 Ζ.
1274 2568 1602 2624 οἳτοῃωςίταηε
1636 2567 1662 2613 l.
1698 2598 1702 2602 -

102 2630 155 2670 17
187 2625 299 2669 vinii
331 2626 395 2670 bl.
533 2624 573 2668 si
604 2626 640 2670 l:
674 2625 740 2670 sic
772 2627 811 2671 b.
952 2632 1005 2672 18
1038 2627 1230 2671 cottidie
1262 2628 1290 2671 Z.
1422 2626 1529 2671 cibfi
1562 2625 1782 2670 consuetu

54 2688 58 2691 ’
100 2684 395 2740 (consubtum
419 2686 451 2742 l)
477 2685 540 2729 bl.
665 2690 719 2729 19
751 2685 915 2731 ter-tiu.
935 2721 944 2731 .
965 2687 1153 2741 quartu
1186 2687 1249 2731 bl.
1372 2685 1665 2741 imponendo.
1697 2696 1782 2727 nec

103 2756 141 2786 c.
174 2743 204 2787 l.
353 2748 410 2788 20
441 2743 624 2788 mollire
657 2745 692 2789 l:
726 2745 893 2789 mulier
924 2746 963 2789 b.
1117 2749 1173 2789 esi
1205 2745 1341 2789 mode
1373 2745 1411 2789 b.
1557 2743 1707 2788 solinu
1739 2742 1779 2794 b,

101 2801 267 2846 sulanfi
299 2803 328 2847 l.
450 2807 504 2846 21
547 2802 750 2848 demissfi
782 2804 822 2848 b.
945 2809 1000 2847 22
1034 2817 1169 2848 caera
1200 2805 1239 2848 b.
1361 2802 1567 2847 medulla
1598 2800 1784 2846 cervina.

63 2893 68 2895 -
102 2860 139 2904 l:
171 2873 254 2904 om.
290 2861 330 2905 b,
450 2859 583 2918 yrino
617 2862 680 2906 bl.
804 2862 1067 2907 seotaurino
1098 2862 1177 2907 vel
1209 2861 1397 2919 caprino
1431 2863 1470 2906 b.

193 2941 370 2984 Soranus,
393 2941 451 2974 cd.
476 2943 586 2976 Rose.
1491 2939 1516 2977 9
