2014 3162
753 122 1004 175 -297
1089 152 1150 160 —

106 256 159 311 τὸ
199 255 436 322 σύνολον,
483 253 515 308 ἃ
560 256 644 308 καὶ
682 256 760 308 ἐπὶ
798 260 896 308 τῶν
934 257 1127 308 τελείων
1164 254 1453 323 πασχόντων
1491 257 1795 325 ε’γκρίνομεν,

107 339 197 400 ἕως
240 334 274 405 ἡ
321 335 532 405 δύναμις
578 336 830 405 ἐπιτρέπει.
925 333 1108 404 μαστὸν
1159 335 1214 388 δὲ
1259 335 1596 403 λαμβάνοντος
1642 336 1795 390 αὐτοῦ

105 417 195 487 τὴν
231 415 421 487 τροφὸν
459 421 719 486 διαιτῶμεν
756 423 823 490 τῷ
861 418 974 486 περὶ
1000 414 1054 470 τὸ
1086 417 1272 485 βρέφος
1302 415 1457 470 πάθει
1486 416 1796 485 καταλλήλως

106 498 330 554 ἆλουτεῖν
374 498 652 562 κελεύοντες
696 499 779 552 καὶ
824 495 1116 566 ὑδροποτεῖν
1161 498 1243 550 καὶ
1290 495 1478 566 τροφὰς
1525 497 1795 566 λαμβάνειν

107 577 372 645 σταλτικάς.
459 581 847 648 συναναφέρεται
895 579 988 650 γάρ
1039 578 1202 633 αὐτῶν
1246 577 1278 648 ἡ
1325 577 1528 647 ποιότης
1577 578 1695 633 ὥστε
1740 579 1793 634 τὸ
1818 598 1841 631 5

103 661 286 730 νήπιον
354 665 424 725 εἰς
485 664 815 729 συναίσθησιν
861 659 1011 728 αὐτῆς
1057 667 1240 729 μᾶλλον
1289 663 1532 730 ἔρχεσθαι.
1621 659 1796 724 καθὼς

103 741 199 812 γὰρ
244 745 299 794 αἱ
334 741 447 805 σύες
485 745 627 810 αἴρας
664 748 913 810 φαγοῦσαι
951 748 1177 796 σκοτοῦσι
1213 739 1329 805 τοὺς
1366 739 1453 794 ὑπ’
1496 738 1661 794 αὐτῶν
1699 762 1797 809 τρε-

106 824 357 892 φομένους
411 821 730 893 γαλαθηνοὺς
783 822 926 876 αὐταὶ
973 821 1037 891 μὴ
1086 819 1408 891 σκοτούμεναι
1454 824 1536 875 καὶ
1584 820 1649 885 ὥς
1698 828 1796 875 τῶν

105 908 260 974 αἰγῶν
310 908 630 973 σκαμμωνίαν
682 909 992 971 νεμηθεισῶν
1048 907 1099 956 οἶ
1143 902 1229 955 ὑπ’
1290 902 1453 956 αὐτῶν
1506 901 1794 971 τρεφόμενοι

104 986 268 1054 ἔριφοι
311 988 637 1053 καθαίρονται
682 983 775 1052 τὴν
819 988 1009 1039 κοιλίαν
1057 988 1213 1038 καίτοι
1250 990 1348 1037 τῶν
1390 987 1544 1054 αἰγῶν
1583 982 1650 1052 μὴ
1689 987 1795 1054 ῥευ-

105 1071 446 1134 ματισθεισῶν,
486 1064 614 1120 οὕτω
651 1065 733 1119 διὰ
764 1064 854 1134 τὴν
885 1064 1181 1135 προσφορὰν
1210 1071 1308 1119 τῶν
1341 1071 1602 1119 σταλτικῶν
1634 1067 1798 1118 σιτίων

103 1141 249 1215 ἦττον
295 1148 384 1215 μὲν
429 1145 461 1216 ἡ
512 1146 696 1215 τροφὸς
734 1143 1143 1216 ἀντιλαμβάνεται
1179 1154 1264 1216 τῆς
1303 1150 1566 1217 σφίγξεως,
1615 1152 1798 1215 μᾶλλον

106 1229 158 1281 δὲ
197 1227 249 1282 τὸ
289 1230 475 1298 βρέφος
512 1235 578 1302 τῷ
617 1230 666 1292 ἐξ
706 1227 857 1297 αὐτῆς
880 1228 1080 1298 γάλακτι
1102 1227 1419 1297 τρεφόμενον.
1459 1226 1537 1281 διὸ
1572 1229 1655 1280 καὶ
1686 1225 1798 1280 τού-

104 1312 306 1361 ναντίον
345 1311 389 1361 εἰ
425 1307 766 1377 ἆδιαχῶρητον
805 1311 938 1378 μένει
977 1312 1113 1379 μέχρι
1150 1313 1392 1377 πλείονος,
1431 1315 1487 1380 τῇ
1525 1314 1693 1381 τροφῷ
1725 1311 1798 1361 δι’-

78 1393 262 1458 ,δομεν
300 1388 357 1443 τὰ
399 1389 708 1458 μαλάσσοντα
745 1389 836 1460 τὴν
866 1396 1070 1445 κοιλίαν.

221 1477 340 1524 126.
402 1473 484 1524 καὶ
531 1471 624 1542 γὰρ
663 1474 746 1525 καὶ
783 1479 1063 1536 καθολικῶς
1103 1473 1195 1536 ἕως
1233 1479 1298 1546 τῷ
1337 1471 1536 1542 γάλακτι
1574 1472 1798 1540 τρέφεται

103 1551 156 1606 τὸ
211 1553 417 1621 βρέφος,
472 1553 780 1622 καταλλήλως
832 1561 890 1628 τῇ
942 1554 1071 1626 νόσῳ
1118 1560 1204 1607 τοῦ
1251 1557 1434 1622 νηπίου
1482 1551 1573 1622 τὴν
1611 1550 1798 1620 τροφὸν

107 1637 382 1702 διαιτῶμεν,
428 1643 530 1698 τοῖς
584 1636 638 1688 δὲ
696 1636 990 1703 ἐπιθέμασιν
1034 1632 1069 1703 ἢ
1123 1633 1522 1702 καταπλάσμασιν
1571 1631 1604 1702 ἢ
1651 1654 1798 1686 κατα-

105 1719 306 1784 βροχαῖς
344 1716 424 1768 ἐπὶ
462 1722 550 1770 τοῦ
589 1721 773 1785 νηπίου
811 1714 1045 1785 χρώμεθα
1083 1715 1404 1785 καταλλήλως.
1481 1716 1562 1767 ἐπὶ
1611 1714 1666 1767 δὲ
1710 1719 1798 1767 τοῦ

1823 1004 1865 1036 10

1823 1409 1864 1442 15

105 1794 610 1866 ἇπογαλακτισθέντος
657 1802 810 1851 σιτίον
848 1795 981 1870 αὐτῷ
1026 1796 1327 1866 κατάλληλον
1372 1803 1438 1870 τῶ
1475 1795 1632 1849 πάθει
1679 1813 1793 1848 συν·
1820 1816 1864 1848 20

106 1875 368 1944 τάσσομεν,
423 1872 575 1947 οὗπερ
623 1879 676 1931 ἐκ
714 1885 811 1932 τῶν
859 1884 1312 1947 θεραπευτικῶν
1359 1878 1575 1948 ρηθέντα
1623 1884 1798 1945 σημεῖα

107 1959 203 2010 ἔστι
242 1966 553 2027 μετενεγκεῖν.

223 2037 275 2092 τὸ
332 2039 386 2091 δὲ
431 2038 602 2093 πόσων
648 2041 769 2094 ἐτῶν
815 2040 932 2095 αὐτὸ
978 2041 1244 2111 γενόμενον
1290 2043 1589 2112 παιδαγωγῷ
1646 2060 1798 2108 παρα-

112 2120 282 2173 δοτέον
331 2121 415 2172 καὶ
460 2123 672 2194 ποδαπῷ
710 2120 890 2194 τούτῳ,
942 2124 1026 2175 καὶ
1070 2120 1136 2190 ἣν
1175 2121 1450 2190 συνήθειαν
1489 2120 1620 2194 αὐτῷ
1662 2139 1796 2174 σκευ-

107 2200 279 2254 αστέον
316 2199 440 2271 πρὸς
478 2199 593 2264 τοὺς
634 2209 796 2271 γονεῖς
834 2200 911 2256 ὅτε
951 2201 1015 2270 μὴ
1055 2204 1278 2271 τρέφεται
1317 2201 1432 2271 παρ’
1477 2201 1666 2269 αὐτοῖς,
1714 2204 1797 2255 καὶ

106 2286 208 2334 πᾶν
244 2280 297 2335 τὸ
338 2283 560 2351 ἐμφερῶς
599 2281 898 2351 ζητούμενον
938 2282 1127 2346 τούτοις
1166 2281 1226 2336 οὗ
1264 2281 1369 2335 κατ’
1412 2281 1630 2351 ἰατρικάς
1670 2285 1798 2336 ἐστιν

105 2360 394 2430 ὑποθήκας,
450 2365 854 2432 φιλοσοφωτέραν
901 2364 955 2416 δὲ
1000 2363 1090 2432 τὴν
1138 2362 1358 2427 διάταξιν
1408 2366 1638 2433 ἔσχηκεν,
1679 2362 1798 2416 ῶστε

227 2514 250 2552 1
286 2505 533 2566 ἐκρίνομεν
566 2523 590 2553 c
622 2510 754 2565 (corr.
788 2509 862 2567 D).
1010 2514 1035 2553 5
1069 2506 1197 2553 αὐτῶ
1231 2523 1256 2553 c
1291 2510 1422 2565 (corr.
1456 2508 1527 2565 E).
1675 2514 1699 2552 7
1734 2507 1797 2553 εἰ-

110 2568 439 2625 ρασφαγοῦσαι
472 2568 574 2625 (sic)
608 2582 632 2612 c
664 2570 797 2624 (corr.
831 2569 902 2624 E)
1065 2574 1120 2613 10
1151 2566 1403 2625 ῥἀματισθ.
1438 2582 1462 2612 c
1493 2570 1632 2639 (corr
1661 2568 1735 2625 D).

109 2631 163 2670 14
195 2625 242 2671 εἰ
270 2641 358 2672 om.
393 2641 418 2672 c
451 2627 572 2683 (add.
598 2627 671 2684 E).
840 2633 895 2672 16
927 2627 1007 2671 καὶ
1040 2644 1130 2685 γαρ
1163 2627 1263 2672 aaz:
1296 2629 1451 2671 καίτοι
1482 2623 1572 2685 γὰρ
1603 2621 1632 2683 ἢ
1666 2641 1703 2672 c.

113 2683 376 2743 τρέφεσθαι
407 2699 432 2729 c
464 2687 598 2742 (corr.
632 2687 703 2742 E).
826 2692 879 2731 21
914 2687 1005 2731 τῶν
1036 2687 1211 2732 παθῶν
1245 2701 1269 2731 c
1301 2690 1434 2745 (corr.
1466 2686 1536 2738 E).
1674 2680 1797 2739 ἅπερ

110 2741 162 2789 ἐκ
208 2745 302 2789 τῶν
347 2746 710 2801 θεραπευτικῶν
755 2743 1098 2817 ῥηθησομένων
1146 2743 1284 2791 ἐστὶν.
1348 2744 1702 2817 μετενέγκοιντο
1743 2743 1796 2788 δε

111 2799 389 2921 ἷτόσωνὸιῖο.
425 2818 462 2850 c.
585 2809 642 2850 23
676 2803 938 2863 γενάμενον
972 2819 995 2849 c
1030 2808 1160 2862 (corr.
1194 2805 1265 2862 Ε)
1389 2810 1445 2849 25
1476 2803 1741 2860 τρέφεσθαι
1773 2817 1797 2846 e

133 2875 233 2907 corr

1822 2222 1867 2255 25
