2014 3162
895 92 1294 145 ——254-

249 225 423 293 θλιβὲν
462 222 731 297 ἐξῴδηκεν,
769 228 1000 298 ψιμυθίῳ
1051 229 1312 293 περιχρίειν
1350 226 1776 298 λελειοτριβημένῳ
1817 225 1930 294 μεθ’

245 305 424 369 ῦδατος
469 302 502 373 ἢ
549 304 849 378 λιθαργύρῳ.
932 305 1318 373 κατατιθεμένην
1365 305 1419 359 δὲ
1469 304 1589 360 αὐτὸ
1637 303 1809 379 πρᾴως
1855 308 1937 360 ἐπὶ

246 393 343 439 τῶν
382 388 526 439 ἰδίων
565 391 735 454 μηρῶν
773 387 1241 453 συνεσκεπασμένων
1280 387 1392 455 ἐρίῳ
1431 383 1464 454 ἢ
1505 385 1644 456 ράκει
1674 386 1817 456 χάριν
1845 394 1939 458 τοῦ

246 467 312 535 μὴ
361 473 588 538 ψυγῆναι
626 468 1004 537 γεγυμνωμένον
1050 469 1104 520 ἐν
1141 473 1199 538 τῇ
1237 466 1358 520 κατὰ
1397 469 1541 537 μέρος
1581 466 1943 538 σπαργανώσει,

200 570 220 602 5
244 549 514 618 λαμβάνειν
565 554 844 616 τελαμῶνας
904 550 1071 618 ἐρεοῦς
1123 548 1382 618 καθαροὺς
1434 548 1711 619 τρυφερούς
1763 560 1823 603 τε
1854 551 1941 604 καὶ

244 630 310 699 μὴ
357 634 468 683 λίαν
504 630 867 698 τετριμμένους,
904 628 1020 693 τοὺς
1066 629 1155 697 μὲν
1201 636 1349 699 τριῶν
1405 630 1657 683 δακτύλων
1701 637 1766 704 τῷ
1815 630 1937 684 πλά·

243 735 334 780 τει,
379 711 495 775 τοὺς
541 712 596 764 δὲ
641 711 904 780 τεσσάρων.
943 713 1111 780 ἐρεοῦς
1157 712 1246 780 μὲν
1290 711 1373 766 διὰ
1411 713 1464 766 τὸ
1502 718 1587 781 τῆς
1625 711 1747 780 ῦλης
1785 731 1939 781 προσ-

242 794 359 861 ηνὲς
410 794 494 846 καὶ
547 791 631 846 διὰ
679 791 732 846 τὸ
778 796 1188 863 περισφίγγεσθαι
1233 800 1334 856 τοῖς
1378 797 1551 862 ἱδρῶσι
1595 791 1710 857 τοῦς
1754 800 1937 858 λινοῦς.

241 872 520 944 τρυφεροὺς
559 874 614 927 δὲ
651 871 794 942 χάριν
830 880 918 927 τοῦ
957 872 1023 942 μὴ
1063 872 1180 942 μετὰ
1225 873 1564 948 περιθλάσεως
1611 873 1709 942 τὴν
1748 875 1935 942 σκέπην

176 976 219 1008 10
242 963 505 1026 τρυφεροῖς
550 956 617 1008 ἔτι
661 962 762 1018 τοῖς
809 954 997 1023 σώμασι
1048 961 1322 1008 καθεστῶσι
1359 957 1600 1025 παρέχειν.
1677 954 1937 1024 καθαροὺς

245 1037 298 1089 δὲ
344 1040 427 1090 ἴνα
471 1042 656 1104 κοῦφοι
699 1038 784 1088 καὶ
830 1034 895 1105 μὴ
943 1040 1110 1105 βαρεῖς
1157 1030 1246 1089 αἷσι
1290 1039 1373 1089 καὶ
1425 1035 1490 1105 μκὴ
1532 1035 1771 1100 δυσώδεις
1808 1037 1933 1104 μηδὲ

244 1117 551 1186 νιτρούμενοι
598 1116 689 1187 τὴν
736 1116 1033 1186 ἐπιφάνειαν
1084 1116 1313 1171 δάκνωσι.
1392 1117 1457 1186 μὴ
1505 1121 1616 1171 λίαν
1665 1117 1720 1170 δὲ
1756 1138 1935 1186 τετριμ-

244 1200 436 1266 μένους.
514 1202 565 1252 οἶ
605 1200 768 1253 καινοὶ
815 1199 903 1266 μὲν
948 1197 1042 1268 γὰρ
1088 1203 1255 1267 βαρεῖς
1307 1197 1610 1268 ὑπάρχουσι,
1659 1201 1711 1252 οἱ
1746 1198 1799 1251 δὲ
1837 1220 1936 1267 τρι-

242 1282 388 1348 βακοὶ
426 1283 537 1333 λίαν
574 1281 761 1350 ψυχροὶ
797 1286 1081 1347 καθεστᾶσι,
1119 1281 1236 1334 ποτὲ
1276 1280 1331 1334 δὲ
1366 1281 1448 1333 καὶ
1478 1287 1666 1349 τραχεῖς
1696 1280 1778 1332 καὶ
1810 1300 1935 1332 παν-

177 1383 218 1416 15
242 1368 387 1425 τελῶς
433 1360 793 1415 εὗδἰάσπαστοι.
871 1359 936 1429 μὴ
985 1363 1184 1430 ἔχοντας
1239 1363 1294 1415 δὲ
1347 1361 1550 1435 παρώας
1602 1362 1727 1429 μηδὲ
1776 1382 1934 1429 παρα-

242 1445 562 1511 στροφίδας“’
546 1445 629 1495 ι’να
668 1440 733 1511 μὴ
774 1443 1036 1511 ἐντέμνωσι
1075 1443 1200 1544 μηδὲ
1238 1441 1513 1511 ἀνωμάλως
1551 1466 1584 1496 α
1623 1464 1713 1511 μεν
1751 1448 1935 1510 μᾶλλον

240 1528 483 1593 θλίβωσιν
532 1548 564 1577 α
604 1524 658 1577 δὲ
696 1545 854 1592 ηττον.
933 1525 1235 1594 συμμέτρους
1275 1525 1329 1578 δὲ
1366 1523 1488 1577 κατὰ
1526 1522 1579 1578 τὸ
1618 1522 1941 1588 πλάτος.οἷ

242 1607 399 1659 στενοὶ
439 1606 528 1674 μὲν
565 1628 659 1676 γαρ
698 1606 976 1674 τέμνουσιν,
1016 1608 1068 1659 οἷ
1101 1612 1294 1670 πλατεῖς
1334 1606 1388 1659 δὲ
1427 1627 1488 1659 ου
1529 1606 1780 1668 πιέζουσιν
1812 1603 1931 1658 ἀλλὰ

242 1690 564 1756 ρυτιδοῦνται.
641 1693 789 1755 τριῶν
827 1687 882 1740 δὲ
919 1687 1002 1739 καὶ
1042 1686 1288 1756 τεσσάρων
1329 1685 1583 1740 δακτύλων
1621 1689 1705 1739 ἵνα
1744 1683 1843 1755 μὴν
1883 1689 1941 1740 οἷ

177 1790 220 1823 20
244 1768 333 1836 μὲν
372 1769 452 1821 ἐπὶ
488 1774 586 1821 τῶν
622 1767 797 1822 κώλων
835 1766 1115 1836 ἇρμόσωσιν
1155 1772 1206 1822 οἱ
1241 1769 1295 1821 δὲ
1337 1769 1416 1821 ἐπὶ
1453 1773 1542 1821 τοῦ
1580 1766 1826 1836 θώρακος.

355 1856 440 1904 84.
522 1854 743 1919 λαβοῦσα
803 1853 973 1904 τοίνυν
1017 1849 1107 1919 τὴν
1153 1848 1312 1919 ἀρχὴν
1357 1854 1445 1902 τοῦ
1489 1854 1763 1917 τελαμῶνος
1808 1846 1929 1902 κατὰ

240 1938 327 1985 τοῦ
373 1930 679 2002 ἆκροχειρίου
731 1934 904 1984 τιθέτω
944 1932 1026 1984 καὶ
1064 1929 1156 1999 τὴν
1194 1933 1441 1999 ἐπείλησιν
1479 1928 1735 1998 ἐγκύκλιον
1774 1928 1928 2000 ἆγέτω

240 2011 361 2066 κατὰ
399 2019 497 2066 τῶν
537 2012 791 2066 δακτύλων
830 2013 1171 2081 ἐκτεταμένων,
1211 2009 1310 2065 εἶτα
1349 2009 1472 2064 κατὰ
1509 2017 1596 2064 τοῦ
1635 2011 1928 2080 ἐπικαρπίου

240 2093 434 2163 πήχεώς
471 2115 520 2146 τε
558 2095 640 2146 καὶ
679 2096 964 2162 βραχίονος,
1011 2093 1243 2156 πιέζουσα
1282 2093 1371 2162 μὲν
1408 2091 1466 2145 τὰ
1505 2090 1627 2146 κατὰ
1664 2090 1778 2156 τοὺς
1815 2115 1930 2162 καρ-

175 2194 217 2228 25
240 2174 366 2239 ποὺς
418 2173 605 2244 ἡσυχῆ,
659 2174 716 2228 τὰ
772 2175 826 2228 δὲ
864 2173 985 2227 ἄλλα
1035 2175 1171 2244 μέχρι
1217 2173 1464 2244 μασχάλης
1510 2172 1714 2228 ἀνιεῖσα.
1769 2180 1835 2248 τῷ
1875 2175 1930 2228 δὲ

241 2256 371 2329 αὐτῷ
410 2256 572 2330 τρόπῳ
604 2258 687 2309 καὶ
717 2254 807 2324 τὴν
839 2256 1005 2326 ἑτέραν
1030 2255 1423 2325 σπαργανώσασα
1447 2259 1512 2328 τῷ
1535 2253 1729 2323 θώρακι
1752 2262 1928 2310 λοιπον

241 2344 539 2406 κυκλοτερῶς
569 2341 859 2406 περιειλείτω
890 2335 977 2391 τὸν
1008 2336 1302 2408 πλατύτερον
1333 2342 1432 2390 τῶν
1462 2334 1770 2404 τελαμώνων,
1813 2335 1932 2405 ὁμα-

241 2480 295 2526 ὃέ
327 2499 371 2526 τι
402 2483 717 2539 παραθλίβειν
752 2479 995 2539 ἐξοίδηκεν
1029 2498 1052 2528 c
1085 2484 1218 2554 (corr.
1252 2482 1322 2538 Ε).
1447 2486 1472 2526 5
1507 2478 1669 2538 ἐρεοῦς
1699 2497 1748 2526 τε
1774 2484 1928 2526 καθα-

242 2541 353 2597 ροῦς
385 2540 486 2597 (sic)
521 2555 545 2586 0
577 2543 708 2596 (corr.
723 2542 793 2597 E).
917 2547 942 2586 9
974 2538 1295 2598 περιπλάσεως
1326 2556 1350 2586 c
1384 2542 1516 2597 (corr.
1550 2541 1622 2597 D)
1748 2545 1802 2584 10
1834 2546 1932 2592 τοῖς

241 2614 330 2646 om.
364 2614 388 2644 c
422 2600 545 2656 (add.
577 2599 647 2656 Ε).
788 2604 1018 2673 καθαροῖ
1042 2601 1142 2658 (sie)
1176 2613 1199 2643 c
1232 2602 1362 2657 (corr.
1397 2600 1465 2655 Ε)
1599 2603 1652 2644 15
1687 2597 1873 2656 ἔχοντες
1904 2613 1931 2644 0

241 2662 372 2715 (corr.
406 2659 477 2715 E).
615 2675 829 2732 παρωας
861 2673 885 2703 c
919 2660 996 2715 (cf.
1029 2659 1088 2702 E²
1119 2661 1279 2716 p.38).
1465 2663 1518 2703 16
1554 2654 1872 2732 ἐντέμνουσαν
1903 2671 1931 2703 0

241 2724 372 2772 (corr.
404 2719 477 2774 D).
599 2714 875 2776 ἀνωμάλους
907 2733 932 2762 c
965 2721 1096 2775 (corr.
1129 2718 1190 2761 Ε2
1221 2733 1265 2774 p.
1291 2720 1380 2792 38).
1504 2723 1557 2762 18
1591 2713 1639 2761 οἷ
1665 2717 1725 2762 Ε.
1758 2713 1814 2761 οὗ
1847 2731 1885 2762 c.

243 2783 296 2822 19
329 2776 443 2834 μὴνε
479 2775 565 2835 μὲν
598 2791 635 2821 c.
788 2783 842 2822 22
878 2773 1155 2835 ακροχείρου
1188 2792 1224 2823 c.
1358 2774 1569 2821 ἐπίλυσιν
1602 2773 1651 2828 ἐς
1681 2775 1871 2821 κυκλίον
1903 2789 1929 2819 o

241 2840 372 2892 (corn
404 2837 474 2894 E).
606 2841 660 2881 27
694 2853 740 2881 π.
774 2838 866 2882 τῶν
890 2840 1188 2894 πλατυτερων
1214 2836 1295 2893 (sic
1321 2837 1418 2881 sine
1444 2837 1559 2893 acc.)
1584 2832 1862 2893 τελαμώνων
1885 2847 1926 2879 (ι.
