<?xml version="1.0" encoding="UTF-8"?>
<!DOCTYPE html PUBLIC "-//W3C//DTD XHTML 1.0 Transitional//EN"
    "http://www.w3.org/TR/xhtml1/DTD/xhtml1-transitional.dtd">
<html xmlns="http://www.w3.org/1999/xhtml" xml:lang="en" lang="en">
 <head>
  <title>
</title>
<meta http-equiv="Content-Type" content="text/html;charset=utf-8" />
  <meta name='ocr-system' content='tesseract 3.04.00' />
  <meta name='ocr-capabilities' content='ocr_page ocr_carea ocr_par ocr_line ocrx_word'/>
</head>
<body>
  <div class='ocr_page' id='page_1' title='image "./gynaeciorumvetus00sorauoft_0331.png"; bbox 0 0 2014 3162; ppageno 0'>
   <div class='ocr_carea' id='block_1_1' title="bbox 759 86 1160 177">
    <p class='ocr_par' dir='ltr' id='par_1_1' title="bbox 759 86 1160 177">
     <span class='ocr_line' id='line_1_1' title="bbox 759 86 1160 177; baseline -0.002 0"><span class='ocrx_word' id='word_1_1' title='bbox 759 86 1013 177; x_wconf 52' lang='lat'><em>4307</em></span> <span class='ocrx_word' id='word_1_2' title='bbox 1097 156 1160 162; x_wconf 91' lang='lat'><em>-</em></span> 
     </span>
    </p>
   </div>
   <div class='ocr_carea' id='block_1_2' title="bbox 100 255 1869 2429">
    <p class='ocr_par' dir='ltr' id='par_1_2' title="bbox 105 255 1869 1298">
     <span class='ocr_line' id='line_1_2' title="bbox 115 255 1802 330; baseline 0.003 -21"><span class='ocrx_word' id='word_1_3' title='bbox 115 255 332 326; x_wconf 75' lang='grc' dir='ltr'><em>σπόγγον</em></span> <span class='ocrx_word' id='word_1_4' title='bbox 371 258 425 309; x_wconf 80' lang='grc' dir='ltr'><em>ἐν</em></span> <span class='ocrx_word' id='word_1_5' title='bbox 463 261 606 329; x_wconf 77' lang='grc' dir='ltr'><em>ζεστῷ</em></span> <span class='ocrx_word' id='word_1_6' title='bbox 647 255 789 310; x_wconf 70' lang='grc' dir='ltr'><em>ὕδατι</em></span> <span class='ocrx_word' id='word_1_7' title='bbox 827 255 1250 325; x_wconf 74' lang='grc' dir='ltr'><em>ἀποτεθλιμμένον</em></span> <span class='ocrx_word' id='word_1_8' title='bbox 1289 260 1369 310; x_wconf 82' lang='grc' dir='ltr'><em>καὶ</em></span> <span class='ocrx_word' id='word_1_9' title='bbox 1401 259 1538 328; x_wconf 78' lang='grc' dir='ltr'><em>ροἱκει</em></span> <span class='ocrx_word' id='word_1_10' title='bbox 1569 268 1802 330; x_wconf 87' lang='grc' dir='ltr'><em>περιειλη-</em></span> 
     </span>
     <span class='ocr_line' id='line_1_3' title="bbox 113 336 1803 409; baseline 0.003 -20"><span class='ocrx_word' id='word_1_11' title='bbox 113 338 262 405; x_wconf 81' lang='grc' dir='ltr'><em>μένον</em></span> <span class='ocrx_word' id='word_1_12' title='bbox 300 336 418 390; x_wconf 71' lang='grc' dir='ltr'><em>ἇῖστε</em></span> <span class='ocrx_word' id='word_1_13' title='bbox 458 336 524 405; x_wconf 85' lang='grc' dir='ltr'><em>μὴ</em></span> <span class='ocrx_word' id='word_1_14' title='bbox 566 344 794 406; x_wconf 83' lang='grc' dir='ltr'><em>ψυγῆναι</em></span> <span class='ocrx_word' id='word_1_15' title='bbox 832 339 886 391; x_wconf 78' lang='grc' dir='ltr'><em>ἐκ</em></span> <span class='ocrx_word' id='word_1_16' title='bbox 923 343 1010 406; x_wconf 82' lang='grc' dir='ltr'><em>τῆς</em></span> <span class='ocrx_word' id='word_1_17' title='bbox 1047 341 1239 401; x_wconf 83' lang='grc' dir='ltr'><em>νοτίδος</em></span> <span class='ocrx_word' id='word_1_18' title='bbox 1277 338 1391 401; x_wconf 79' lang='grc' dir='ltr'><em>τούς</em></span> <span class='ocrx_word' id='word_1_19' title='bbox 1429 339 1635 407; x_wconf 83' lang='grc' dir='ltr'><em>τόπους,</em></span> <span class='ocrx_word' id='word_1_20' title='bbox 1682 363 1803 409; x_wconf 87' lang='grc' dir='ltr'><em>παρ-</em></span> 
     </span>
     <span class='ocr_line' id='line_1_4' title="bbox 112 417 1798 490; baseline 0.002 -18"><span class='ocrx_word' id='word_1_21' title='bbox 112 424 424 488; x_wconf 85' lang='grc' dir='ltr'><em>ηγορηθῆναι</em></span> <span class='ocrx_word' id='word_1_22' title='bbox 479 419 532 471; x_wconf 83' lang='grc' dir='ltr'><em>δὲ</em></span> <span class='ocrx_word' id='word_1_23' title='bbox 586 422 861 487; x_wconf 77' lang='grc' dir='ltr'><em>πενθηνίως</em></span> <span class='ocrx_word' id='word_1_24' title='bbox 914 417 997 471; x_wconf 79' lang='grc' dir='ltr'><em>διὰ</em></span> <span class='ocrx_word' id='word_1_25' title='bbox 1050 425 1135 487; x_wconf 84' lang='grc' dir='ltr'><em>τῆς</em></span> <span class='ocrx_word' id='word_1_26' title='bbox 1188 424 1285 471; x_wconf 79' lang='grc' dir='ltr'><em>τῶν</em></span> <span class='ocrx_word' id='word_1_27' title='bbox 1331 418 1498 487; x_wconf 76' lang='grc' dir='ltr'><em>ἀτμῶν</em></span> <span class='ocrx_word' id='word_1_28' title='bbox 1545 422 1798 490; x_wconf 78' lang='grc' dir='ltr'><em>ἐπιφορᾶς.</em></span> 
     </span>
     <span class='ocr_line' id='line_1_5' title="bbox 112 497 1801 572; baseline 0.002 -20"><span class='ocrx_word' id='word_1_29' title='bbox 112 497 228 567; x_wconf 75' lang='grc' dir='ltr'><em>μετὰ</em></span> <span class='ocrx_word' id='word_1_30' title='bbox 268 500 322 552; x_wconf 81' lang='grc' dir='ltr'><em>δὲ</em></span> <span class='ocrx_word' id='word_1_31' title='bbox 359 506 511 553; x_wconf 79' lang='grc' dir='ltr'><em>ταῦτα</em></span> <span class='ocrx_word' id='word_1_32' title='bbox 549 499 769 568; x_wconf 87' lang='grc' dir='ltr'><em>μαλακὸν</em></span> <span class='ocrx_word' id='word_1_33' title='bbox 806 501 889 553; x_wconf 87' lang='grc' dir='ltr'><em>καὶ</em></span> <span class='ocrx_word' id='word_1_34' title='bbox 926 498 1155 568; x_wconf 86' lang='grc' dir='ltr'><em>καθαρὸν</em></span> <span class='ocrx_word' id='word_1_35' title='bbox 1185 502 1318 568; x_wconf 76' lang='grc' dir='ltr'><em>ἔριον</em></span> <span class='ocrx_word' id='word_1_36' title='bbox 1349 502 1492 572; x_wconf 75' lang='grc' dir='ltr'><em>ἐλαίῳ</em></span> <span class='ocrx_word' id='word_1_37' title='bbox 1525 508 1696 571; x_wconf 84' lang='grc' dir='ltr'><em>γλυκεῖ</em></span> <span class='ocrx_word' id='word_1_38' title='bbox 1718 506 1801 556; x_wconf 77' lang='grc' dir='ltr'><em>καὶ</em></span> 
     </span>
     <span class='ocr_line' id='line_1_6' title="bbox 111 580 1846 656; baseline 0.002 -23"><span class='ocrx_word' id='word_1_39' title='bbox 111 586 279 654; x_wconf 78' lang='grc' dir='ltr'><em>θερμῷ</em></span> <span class='ocrx_word' id='word_1_40' title='bbox 327 582 593 650; x_wconf 83' lang='grc' dir='ltr'><em>διαβραχὲν</em></span> <span class='ocrx_word' id='word_1_41' title='bbox 639 584 721 634; x_wconf 78' lang='grc' dir='ltr'><em>καὶ</em></span> <span class='ocrx_word' id='word_1_42' title='bbox 767 580 1044 650; x_wconf 82' lang='grc' dir='ltr'><em>ἆποθλιβὲν</em></span> <span class='ocrx_word' id='word_1_43' title='bbox 1090 583 1405 651; x_wconf 81' lang='grc' dir='ltr'><em>περιβλητέον</em></span> <span class='ocrx_word' id='word_1_44' title='bbox 1452 583 1678 656; x_wconf 79' lang='grc' dir='ltr'><em>ἔφηβαίῳ</em></span> <span class='ocrx_word' id='word_1_45' title='bbox 1717 586 1800 638; x_wconf 84' lang='grc' dir='ltr'><em>καὶ</em></span> <span class='ocrx_word' id='word_1_46' title='bbox 1823 605 1846 638; x_wconf 82' lang='grc'>5</span> 
     </span>
     <span class='ocr_line' id='line_1_7' title="bbox 110 660 1798 737; baseline 0.002 -23"><span class='ocrx_word' id='word_1_47' title='bbox 110 663 397 733; x_wconf 80' lang='grc' dir='ltr'><em>έπιγαστρίῳ</em></span> <span class='ocrx_word' id='word_1_48' title='bbox 440 661 533 715; x_wconf 78' lang='grc' dir='ltr'><em>σὺν</em></span> <span class='ocrx_word' id='word_1_49' title='bbox 572 661 724 730; x_wconf 81' lang='grc' dir='ltr'><em>ὀσφύι</em></span> <span class='ocrx_word' id='word_1_50' title='bbox 761 663 844 715; x_wconf 85' lang='grc' dir='ltr'><em>καὶ</em></span> <span class='ocrx_word' id='word_1_51' title='bbox 881 665 1079 731; x_wconf 83' lang='grc' dir='ltr'><em>ἰσχίοις,</em></span> <span class='ocrx_word' id='word_1_52' title='bbox 1130 660 1231 716; x_wconf 86' lang='grc' dir='ltr'><em>εἶτα</em></span> <span class='ocrx_word' id='word_1_53' title='bbox 1270 669 1485 732; x_wconf 82' lang='grc' dir='ltr'><em>συνεχῶς</em></span> <span class='ocrx_word' id='word_1_54' title='bbox 1521 666 1798 737; x_wconf 80' lang='grc' dir='ltr'><em>θερμοτέρῳ</em></span> 
     </span>
     <span class='ocr_line' id='line_1_8' title="bbox 108 742 1801 813; baseline 0.003 -19"><span class='ocrx_word' id='word_1_55' title='bbox 108 744 548 812; x_wconf 86' lang='grc' dir='ltr'><em>προσεμβρεκτέον,</em></span> <span class='ocrx_word' id='word_1_56' title='bbox 603 744 685 796; x_wconf 82' lang='grc' dir='ltr'><em>καὶ</em></span> <span class='ocrx_word' id='word_1_57' title='bbox 731 742 1007 811; x_wconf 80' lang='grc' dir='ltr'><em>διάκλυσμά</em></span> <span class='ocrx_word' id='word_1_58' title='bbox 1052 765 1100 796; x_wconf 91' lang='grc' dir='ltr'><em>τε</em></span> <span class='ocrx_word' id='word_1_59' title='bbox 1146 745 1227 796; x_wconf 81' lang='grc' dir='ltr'><em>καὶ</em></span> <span class='ocrx_word' id='word_1_60' title='bbox 1265 743 1418 797; x_wconf 88' lang='grc' dir='ltr'><em>ποτὸν</em></span> <span class='ocrx_word' id='word_1_61' title='bbox 1455 743 1592 813; x_wconf 69' lang='grc' dir='ltr'><em>ὕδωρ</em></span> <span class='ocrx_word' id='word_1_62' title='bbox 1632 746 1801 799; x_wconf 85' lang='grc' dir='ltr'><em>δοτέον</em></span> 
     </span>
     <span class='ocr_line' id='line_1_9' title="bbox 107 822 1799 892; baseline 0.003 -18"><span class='ocrx_word' id='word_1_63' title='bbox 107 822 309 892; x_wconf 86' lang='grc' dir='ltr'><em>θερμόν.</em></span> <span class='ocrx_word' id='word_1_64' title='bbox 387 823 583 892; x_wconf 77' lang='grc' dir='ltr'><em>κούφης</em></span> <span class='ocrx_word' id='word_1_65' title='bbox 631 824 686 876; x_wconf 81' lang='grc' dir='ltr'><em>δὲ</em></span> <span class='ocrx_word' id='word_1_66' title='bbox 726 823 880 891; x_wconf 72' lang='grc' dir='ltr'><em>οὔσης</em></span> <span class='ocrx_word' id='word_1_67' title='bbox 918 830 1004 891; x_wconf 89' lang='grc' dir='ltr'><em>τῆς</em></span> <span class='ocrx_word' id='word_1_68' title='bbox 1044 823 1307 887; x_wconf 79' lang='grc' dir='ltr'><em>ἕπιτοῖσεως</em></span> <span class='ocrx_word' id='word_1_69' title='bbox 1344 827 1427 877; x_wconf 82' lang='grc' dir='ltr'><em>καὶ</em></span> <span class='ocrx_word' id='word_1_70' title='bbox 1465 823 1660 880; x_wconf 76' lang='grc' dir='ltr'><em>ὑπνοῦν</em></span> <span class='ocrx_word' id='word_1_71' title='bbox 1700 828 1799 879; x_wconf 81' lang='grc' dir='ltr'><em>ἔπι·</em></span> 
     </span>
     <span class='ocr_line' id='line_1_10' title="bbox 108 903 1800 974; baseline 0.002 -18"><span class='ocrx_word' id='word_1_72' title='bbox 108 906 346 971; x_wconf 86' lang='grc' dir='ltr'><em>τρεπτέον.</em></span> <span class='ocrx_word' id='word_1_73' title='bbox 402 905 633 973; x_wconf 78' lang='grc' dir='ltr'><em>χρηστέον</em></span> <span class='ocrx_word' id='word_1_74' title='bbox 674 904 727 956; x_wconf 83' lang='grc' dir='ltr'><em>δὲ</em></span> <span class='ocrx_word' id='word_1_75' title='bbox 765 904 849 955; x_wconf 86' lang='grc' dir='ltr'><em>καὶ</em></span> <span class='ocrx_word' id='word_1_76' title='bbox 885 903 1255 971; x_wconf 79' lang='grc' dir='ltr'><em>καταπλάσμασι</em></span> <span class='ocrx_word' id='word_1_77' title='bbox 1291 911 1392 968; x_wconf 84' lang='grc' dir='ltr'><em>τοῖς</em></span> <span class='ocrx_word' id='word_1_78' title='bbox 1431 906 1514 959; x_wconf 74' lang='grc' dir='ltr'><em>δια</em></span> <span class='ocrx_word' id='word_1_79' title='bbox 1552 908 1800 974; x_wconf 87' lang='grc' dir='ltr'><em>λινοσπέρ-</em></span> 
     </span>
     <span class='ocr_line' id='line_1_11' title="bbox 107 981 1869 1057; baseline 0.002 -20"><span class='ocrx_word' id='word_1_80' title='bbox 107 1007 204 1052; x_wconf 91' lang='grc' dir='ltr'><em>μου</em></span> <span class='ocrx_word' id='word_1_81' title='bbox 241 983 274 1052; x_wconf 80' lang='grc' dir='ltr'>ἢ</span> <span class='ocrx_word' id='word_1_82' title='bbox 313 985 442 1056; x_wconf 67' lang='grc' dir='ltr'><em>ἄρτῳ</em></span> <span class='ocrx_word' id='word_1_83' title='bbox 483 990 688 1057; x_wconf 74' lang='grc' dir='ltr'><em>φυρατῷ</em></span> <span class='ocrx_word' id='word_1_84' title='bbox 729 982 793 1036; x_wconf 91' lang='grc' dir='ltr'><em>δι’</em></span> <span class='ocrx_word' id='word_1_85' title='bbox 836 981 1150 1052; x_wconf 74' lang='grc' dir='ltr'><em>ὑδρομέλιτος</em></span> <span class='ocrx_word' id='word_1_86' title='bbox 1188 991 1381 1053; x_wconf 83' lang='grc' dir='ltr'><em>θερμοῦ</em></span> <span class='ocrx_word' id='word_1_87' title='bbox 1419 988 1501 1039; x_wconf 84' lang='grc' dir='ltr'><em>καὶ</em></span> <span class='ocrx_word' id='word_1_88' title='bbox 1538 995 1639 1050; x_wconf 83' lang='grc' dir='ltr'><em>τοῖς</em></span> <span class='ocrx_word' id='word_1_89' title='bbox 1677 986 1795 1041; x_wconf 79' lang='grc' dir='ltr'><em>ὑπο-</em></span> <span class='ocrx_word' id='word_1_90' title='bbox 1824 1008 1869 1041; x_wconf 88' lang='lat'><em>10</em></span> 
     </span>
     <span class='ocr_line' id='line_1_12' title="bbox 107 1064 1798 1135; baseline 0.002 -17"><span class='ocrx_word' id='word_1_91' title='bbox 107 1067 509 1134; x_wconf 82' lang='grc' dir='ltr'><em>δειχθησομένοις</em></span> <span class='ocrx_word' id='word_1_92' title='bbox 548 1068 899 1135; x_wconf 81' lang='grc' dir='ltr'><em>ἒγκαθίσμασι,</em></span> <span class='ocrx_word' id='word_1_93' title='bbox 945 1066 1028 1117; x_wconf 81' lang='grc' dir='ltr'><em>καὶ</em></span> <span class='ocrx_word' id='word_1_94' title='bbox 1065 1071 1153 1133; x_wconf 87' lang='grc' dir='ltr'><em>τῆς</em></span> <span class='ocrx_word' id='word_1_95' title='bbox 1190 1064 1385 1134; x_wconf 74' lang='grc' dir='ltr'><em>πρώτης</em></span> <span class='ocrx_word' id='word_1_96' title='bbox 1424 1066 1656 1135; x_wconf 78' lang='grc' dir='ltr'><em>ἐνστάσης</em></span> <span class='ocrx_word' id='word_1_97' title='bbox 1696 1071 1798 1120; x_wconf 91' lang='grc' dir='ltr'><em>δια-</em></span> 
     </span>
     <span class='ocr_line' id='line_1_13' title="bbox 105 1144 1800 1217; baseline 0.002 -19"><span class='ocrx_word' id='word_1_98' title='bbox 105 1150 267 1213; x_wconf 87' lang='grc' dir='ltr'><em>τρίτου</em></span> <span class='ocrx_word' id='word_1_99' title='bbox 304 1152 362 1217; x_wconf 82' lang='grc' dir='ltr'><em>τῇ</em></span> <span class='ocrx_word' id='word_1_100' title='bbox 402 1145 486 1199; x_wconf 80' lang='grc' dir='ltr'><em>διὰ</em></span> <span class='ocrx_word' id='word_1_101' title='bbox 525 1152 612 1200; x_wconf 85' lang='grc' dir='ltr'><em>τοῦ</em></span> <span class='ocrx_word' id='word_1_102' title='bbox 651 1145 940 1212; x_wconf 84' lang='grc' dir='ltr'><em>ἆλείμματος</em></span> <span class='ocrx_word' id='word_1_103' title='bbox 978 1144 1322 1217; x_wconf 78' lang='grc' dir='ltr'><em>ἆποθεραπείᾳ</em></span> <span class='ocrx_word' id='word_1_104' title='bbox 1360 1147 1727 1217; x_wconf 80' lang='grc' dir='ltr'><em>προσκλύσματί</em></span> <span class='ocrx_word' id='word_1_105' title='bbox 1751 1170 1800 1201; x_wconf 91' lang='grc' dir='ltr'><em>τε</em></span> 
     </span>
     <span class='ocr_line' id='line_1_14' title="bbox 105 1223 886 1298; baseline -0.004 -18"><span class='ocrx_word' id='word_1_106' title='bbox 105 1229 189 1280; x_wconf 83' lang='grc' dir='ltr'><em>καὶ</em></span> <span class='ocrx_word' id='word_1_107' title='bbox 226 1233 385 1298; x_wconf 79' lang='grc' dir='ltr'><em>τροφῇ</em></span> <span class='ocrx_word' id='word_1_108' title='bbox 422 1232 583 1298; x_wconf 79' lang='grc' dir='ltr'><em>θερμῇ</em></span> <span class='ocrx_word' id='word_1_109' title='bbox 621 1228 704 1278; x_wconf 84' lang='grc' dir='ltr'><em>καὶ</em></span> <span class='ocrx_word' id='word_1_110' title='bbox 742 1223 886 1296; x_wconf 74' lang='grc' dir='ltr'><em>ἁπλῇ.</em></span> 
     </span>
    </p>

    <p class='ocr_par' dir='ltr' id='par_1_3' title="bbox 100 1307 1866 2429">
     <span class='ocr_line' id='line_1_15' title="bbox 223 1307 1801 1377; baseline 0.001 -16"><span class='ocrx_word' id='word_1_111' title='bbox 223 1316 305 1361; x_wconf 95' lang='grc'><em>11.</em></span> <span class='ocrx_word' id='word_1_112' title='bbox 346 1308 691 1376; x_wconf 82' lang='grc' dir='ltr'><em>σφοδροτέρων</em></span> <span class='ocrx_word' id='word_1_113' title='bbox 732 1307 786 1359; x_wconf 81' lang='grc' dir='ltr'><em>δὲ</em></span> <span class='ocrx_word' id='word_1_114' title='bbox 823 1312 921 1358; x_wconf 84' lang='grc' dir='ltr'><em>τῶν</em></span> <span class='ocrx_word' id='word_1_115' title='bbox 950 1310 1293 1374; x_wconf 82' lang='grc' dir='ltr'><em>περιωδυνιῶν</em></span> <span class='ocrx_word' id='word_1_116' title='bbox 1324 1307 1489 1362; x_wconf 80' lang='grc' dir='ltr'><em>οὐσῶν</em></span> <span class='ocrx_word' id='word_1_117' title='bbox 1520 1310 1801 1377; x_wconf 73' lang='grc' dir='ltr'><em>ἔμπροσθεν</em></span> 
     </span>
     <span class='ocr_line' id='line_1_16' title="bbox 103 1387 1866 1459; baseline 0.001 -17"><span class='ocrx_word' id='word_1_118' title='bbox 103 1396 188 1458; x_wconf 88' lang='grc' dir='ltr'><em>τῆς</em></span> <span class='ocrx_word' id='word_1_119' title='bbox 235 1393 478 1458; x_wconf 91' lang='grc' dir='ltr'><em>διατρίτου</em></span> <span class='ocrx_word' id='word_1_120' title='bbox 524 1387 559 1458; x_wconf 79' lang='grc' dir='ltr'>ἢ</span> <span class='ocrx_word' id='word_1_121' title='bbox 607 1391 690 1442; x_wconf 84' lang='grc' dir='ltr'><em>καὶ</em></span> <span class='ocrx_word' id='word_1_122' title='bbox 735 1390 789 1441; x_wconf 81' lang='grc' dir='ltr'><em>έν</em></span> <span class='ocrx_word' id='word_1_123' title='bbox 836 1387 960 1459; x_wconf 74' lang='grc' dir='ltr'><em>αὐτῇ</em></span> <span class='ocrx_word' id='word_1_124' title='bbox 1012 1390 1400 1457; x_wconf 88' lang='grc' dir='ltr'><em>φλεβοτομητέον</em></span> <span class='ocrx_word' id='word_1_125' title='bbox 1446 1388 1533 1442; x_wconf 81' lang='grc' dir='ltr'><em>ἄπ’</em></span> <span class='ocrx_word' id='word_1_126' title='bbox 1577 1387 1799 1459; x_wconf 76' lang='grc' dir='ltr'><em>ἀγκῶνος</em></span> <span class='ocrx_word' id='word_1_127' title='bbox 1823 1411 1866 1444; x_wconf 87' lang='lat'><em>15</em></span> 
     </span>
     <span class='ocr_line' id='line_1_17' title="bbox 103 1468 1803 1539; baseline 0 -15"><span class='ocrx_word' id='word_1_128' title='bbox 103 1477 190 1526; x_wconf 84' lang='grc' dir='ltr'><em>τοῦ</em></span> <span class='ocrx_word' id='word_1_129' title='bbox 229 1469 565 1539; x_wconf 79' lang='grc' dir='ltr'><em>ἀντικειμένου</em></span> <span class='ocrx_word' id='word_1_130' title='bbox 603 1477 705 1533; x_wconf 88' lang='grc' dir='ltr'><em>τοῖς</em></span> <span class='ocrx_word' id='word_1_131' title='bbox 745 1475 928 1538; x_wconf 80' lang='grc' dir='ltr'><em>μᾶλλον</em></span> <span class='ocrx_word' id='word_1_132' title='bbox 969 1468 1345 1538; x_wconf 87' lang='grc' dir='ltr'><em>&lt;πεπονηκόσι&gt;</em></span> <span class='ocrx_word' id='word_1_133' title='bbox 1385 1469 1510 1538; x_wconf 87' lang='grc' dir='ltr'><em>πρὸς</em></span> <span class='ocrx_word' id='word_1_134' title='bbox 1539 1469 1591 1524; x_wconf 87' lang='grc' dir='ltr'><em>τὸ</em></span> <span class='ocrx_word' id='word_1_135' title='bbox 1625 1469 1803 1524; x_wconf 81' lang='grc' dir='ltr'><em>ἆσκυλ-</em></span> 
     </span>
     <span class='ocr_line' id='line_1_18' title="bbox 103 1547 1796 1622; baseline 0 -17"><span class='ocrx_word' id='word_1_136' title='bbox 103 1552 299 1622; x_wconf 83' lang='grc' dir='ltr'><em>τότερον</em></span> <span class='ocrx_word' id='word_1_137' title='bbox 337 1550 435 1605; x_wconf 77' lang='grc' dir='ltr'><em>ἀπὸ</em></span> <span class='ocrx_word' id='word_1_138' title='bbox 474 1557 573 1604; x_wconf 79' lang='grc' dir='ltr'><em>τῶν</em></span> <span class='ocrx_word' id='word_1_139' title='bbox 604 1547 751 1619; x_wconf 78' lang='grc' dir='ltr'><em>ἧττον</em></span> <span class='ocrx_word' id='word_1_140' title='bbox 780 1550 1109 1619; x_wconf 78' lang='grc' dir='ltr'><em>πεπονθότων</em></span> <span class='ocrx_word' id='word_1_141' title='bbox 1138 1552 1371 1620; x_wconf 85' lang='grc' dir='ltr'><em>γενέσθαι</em></span> <span class='ocrx_word' id='word_1_142' title='bbox 1402 1551 1492 1619; x_wconf 78' lang='grc' dir='ltr'><em>την</em></span> <span class='ocrx_word' id='word_1_143' title='bbox 1523 1550 1796 1620; x_wconf 76' lang='grc' dir='ltr'><em>ἀφαίρεσιν.</em></span> 
     </span>
     <span class='ocr_line' id='line_1_19' title="bbox 102 1631 1798 1701; baseline 0 -14"><span class='ocrx_word' id='word_1_144' title='bbox 102 1632 303 1687; x_wconf 75' lang='grc' dir='ltr'><em>πάντων</em></span> <span class='ocrx_word' id='word_1_145' title='bbox 350 1633 405 1685; x_wconf 83' lang='grc' dir='ltr'><em>δὲ</em></span> <span class='ocrx_word' id='word_1_146' title='bbox 451 1631 527 1685; x_wconf 77' lang='grc' dir='ltr'><em>ἐπ’</em></span> <span class='ocrx_word' id='word_1_147' title='bbox 580 1634 689 1699; x_wconf 83' lang='grc' dir='ltr'><em>ἴσης</em></span> <span class='ocrx_word' id='word_1_148' title='bbox 733 1631 1183 1698; x_wconf 78' lang='grc' dir='ltr'><em>κακοπαθούντων,</em></span> <span class='ocrx_word' id='word_1_149' title='bbox 1237 1631 1337 1686; x_wconf 78' lang='grc' dir='ltr'><em>ἀπὸ</em></span> <span class='ocrx_word' id='word_1_150' title='bbox 1385 1639 1470 1686; x_wconf 84' lang='grc' dir='ltr'><em>τοῦ</em></span> <span class='ocrx_word' id='word_1_151' title='bbox 1520 1631 1798 1701; x_wconf 79' lang='grc' dir='ltr'><em>εὐωνύμου,</em></span> 
     </span>
     <span class='ocr_line' id='line_1_20' title="bbox 103 1704 1799 1783; baseline -0.001 -15"><span class='ocrx_word' id='word_1_152' title='bbox 103 1714 226 1781; x_wconf 89' lang='grc' dir='ltr'><em>πρὸς</em></span> <span class='ocrx_word' id='word_1_153' title='bbox 269 1713 323 1768; x_wconf 89' lang='grc' dir='ltr'><em>τὸ</em></span> <span class='ocrx_word' id='word_1_154' title='bbox 370 1712 460 1781; x_wconf 74' lang='grc' dir='ltr'><em>τὴν</em></span> <span class='ocrx_word' id='word_1_155' title='bbox 507 1712 674 1776; x_wconf 79' lang='grc' dir='ltr'><em>δεξιὰν</em></span> <span class='ocrx_word' id='word_1_156' title='bbox 721 1720 859 1782; x_wconf 81' lang='grc' dir='ltr'><em>χεῖρα</em></span> <span class='ocrx_word' id='word_1_157' title='bbox 896 1720 1000 1776; x_wconf 88' lang='grc' dir='ltr'><em>ταῖς</em></span> <span class='ocrx_word' id='word_1_158' title='bbox 1039 1712 1326 1781; x_wconf 78' lang='grc' dir='ltr'><em>ὑπηρεσίαις</em></span> <span class='ocrx_word' id='word_1_159' title='bbox 1363 1704 1799 1783; x_wconf 80' lang='grc' dir='ltr'><em>ἀπαρεμποδίστως</em></span> 
     </span>
     <span class='ocr_line' id='line_1_21' title="bbox 108 1792 1864 1863; baseline 0 -15"><span class='ocrx_word' id='word_1_160' title='bbox 108 1794 362 1858; x_wconf 80' lang='grc' dir='ltr'><em>σωζεσθαι.</em></span> <span class='ocrx_word' id='word_1_161' title='bbox 447 1793 536 1862; x_wconf 83' lang='grc' dir='ltr'><em>τὴν</em></span> <span class='ocrx_word' id='word_1_162' title='bbox 584 1795 639 1846; x_wconf 82' lang='grc' dir='ltr'><em>δὲ</em></span> <span class='ocrx_word' id='word_1_163' title='bbox 685 1792 784 1847; x_wconf 74' lang='grc' dir='ltr'><em>ἀπὸ</em></span> <span class='ocrx_word' id='word_1_164' title='bbox 832 1800 1030 1862; x_wconf 83' lang='grc' dir='ltr'><em>σφυροῦ</em></span> <span class='ocrx_word' id='word_1_165' title='bbox 1076 1798 1406 1862; x_wconf 90' lang='grc' dir='ltr'><em>φλεβοτομίαν</em></span> <span class='ocrx_word' id='word_1_166' title='bbox 1459 1797 1796 1863; x_wconf 87' lang='grc' dir='ltr'><em>παραιτητέον,</em></span> <span class='ocrx_word' id='word_1_167' title='bbox 1820 1815 1864 1848; x_wconf 86' lang='lat'><em>20</em></span> 
     </span>
     <span class='ocr_line' id='line_1_22' title="bbox 108 1874 1798 1946; baseline 0 -18"><span class='ocrx_word' id='word_1_168' title='bbox 108 1877 200 1939; x_wconf 88' lang='grc' dir='ltr'><em>εως</em></span> <span class='ocrx_word' id='word_1_169' title='bbox 238 1874 304 1928; x_wconf 78' lang='grc' dir='ltr'><em>ἂν</em></span> <span class='ocrx_word' id='word_1_170' title='bbox 340 1874 397 1928; x_wconf 80' lang='grc' dir='ltr'><em>τὰ</em></span> <span class='ocrx_word' id='word_1_171' title='bbox 437 1877 492 1928; x_wconf 82' lang='grc' dir='ltr'><em>έν</em></span> <span class='ocrx_word' id='word_1_172' title='bbox 529 1883 630 1938; x_wconf 86' lang='grc' dir='ltr'><em>τοῖς</em></span> <span class='ocrx_word' id='word_1_173' title='bbox 669 1879 923 1944; x_wconf 84' lang='grc' dir='ltr'><em>βραχιοσιν</em></span> <span class='ocrx_word' id='word_1_174' title='bbox 960 1874 1132 1946; x_wconf 82' lang='grc' dir='ltr'><em>ἆγγεῖα</em></span> <span class='ocrx_word' id='word_1_175' title='bbox 1172 1879 1408 1943; x_wconf 91' lang='grc' dir='ltr'><em>φαίνηται</em></span> <span class='ocrx_word' id='word_1_176' title='bbox 1454 1877 1538 1927; x_wconf 85' lang='grc' dir='ltr'><em>καὶ</em></span> <span class='ocrx_word' id='word_1_177' title='bbox 1586 1879 1798 1944; x_wconf 88' lang='grc' dir='ltr'><em>μηδεμία</em></span> 
     </span>
     <span class='ocr_line' id='line_1_23' title="bbox 109 1954 1797 2055; baseline 0.001 -47"><span class='ocrx_word' id='word_1_178' title='bbox 109 1954 360 2025; x_wconf 83' lang='grc' dir='ltr'><em>φλεγμονὴ</em></span> <span class='ocrx_word' id='word_1_179' title='bbox 407 1957 518 2024; x_wconf 84' lang='grc' dir='ltr'><em>περὶ</em></span> <span class='ocrx_word' id='word_1_180' title='bbox 565 1954 733 2019; x_wconf 74' lang='grc' dir='ltr'><em>αὐτοῖς</em></span> <span class='ocrx_word' id='word_1_181' title='bbox 778 1960 811 2026; x_wconf 81' lang='grc' dir='ltr'>ᾐ</span> <span class='ocrx_word' id='word_1_182' title='bbox 857 1955 1118 2025; x_wconf 88' lang='grc' dir='ltr'><em>πρόδηλος.</em></span> <span class='ocrx_word' id='word_1_183' title='bbox 1202 1955 1287 2024; x_wconf 88' lang='grc' dir='ltr'><em>η’τε</em></span> <span class='ocrx_word' id='word_1_184' title='bbox 1331 1978 1425 2055; x_wconf 84' lang='grc' dir='ltr'><em>γαρ</em></span> <span class='ocrx_word' id='word_1_185' title='bbox 1479 1974 1655 2019; x_wconf 90' lang='grc' dir='ltr'><em>σπασις</em></span> <span class='ocrx_word' id='word_1_186' title='bbox 1706 1979 1797 2024; x_wconf 87' lang='grc' dir='ltr'><em>την</em></span> 
     </span>
     <span class='ocr_line' id='line_1_24' title="bbox 102 2033 1797 2106; baseline 0.001 -18"><span class='ocrx_word' id='word_1_187' title='bbox 102 2035 418 2090; x_wconf 83' lang='grc' dir='ltr'><em>ασθενοῦσαν</em></span> <span class='ocrx_word' id='word_1_188' title='bbox 471 2033 687 2103; x_wconf 76' lang='grc' dir='ltr'><em>σκύλλει,</em></span> <span class='ocrx_word' id='word_1_189' title='bbox 747 2039 830 2090; x_wconf 82' lang='grc' dir='ltr'><em>καὶ</em></span> <span class='ocrx_word' id='word_1_190' title='bbox 880 2037 1130 2106; x_wconf 84' lang='grc' dir='ltr'><em>ἰσχνότερα</em></span> <span class='ocrx_word' id='word_1_191' title='bbox 1177 2037 1235 2091; x_wconf 81' lang='grc' dir='ltr'><em>τὰ</em></span> <span class='ocrx_word' id='word_1_192' title='bbox 1288 2059 1421 2105; x_wconf 88' lang='grc' dir='ltr'><em>παρα</em></span> <span class='ocrx_word' id='word_1_193' title='bbox 1473 2044 1574 2100; x_wconf 84' lang='grc' dir='ltr'><em>τοῖς</em></span> <span class='ocrx_word' id='word_1_194' title='bbox 1626 2035 1797 2106; x_wconf 79' lang='grc' dir='ltr'><em>ἄστρα</em></span> 
     </span>
     <span class='ocr_line' id='line_1_25' title="bbox 100 2114 1796 2187; baseline 0 -18"><span class='ocrx_word' id='word_1_195' title='bbox 100 2116 268 2187; x_wconf 76' lang='grc' dir='ltr'><em>γάλοις</em></span> <span class='ocrx_word' id='word_1_196' title='bbox 328 2114 500 2186; x_wconf 86' lang='grc' dir='ltr'><em>αγγεΐα</em></span> <span class='ocrx_word' id='word_1_197' title='bbox 547 2118 688 2170; x_wconf 78' lang='grc' dir='ltr'><em>ἔστιν.</em></span> <span class='ocrx_word' id='word_1_198' title='bbox 765 2116 879 2185; x_wconf 81' lang='grc' dir='ltr'><em>μετὰ</em></span> <span class='ocrx_word' id='word_1_199' title='bbox 929 2119 982 2170; x_wconf 84' lang='grc' dir='ltr'><em>δὲ</em></span> <span class='ocrx_word' id='word_1_200' title='bbox 1027 2118 1080 2172; x_wconf 88' lang='grc' dir='ltr'><em>τὸ</em></span> <span class='ocrx_word' id='word_1_201' title='bbox 1127 2120 1400 2185; x_wconf 79' lang='grc' dir='ltr'><em>ἐκλυθῆναι</em></span> <span class='ocrx_word' id='word_1_202' title='bbox 1445 2117 1535 2184; x_wconf 78' lang='grc' dir='ltr'><em>τήν</em></span> <span class='ocrx_word' id='word_1_203' title='bbox 1574 2116 1672 2170; x_wconf 76' lang='grc' dir='ltr'><em>ἀπὸ</em></span> <span class='ocrx_word' id='word_1_204' title='bbox 1710 2123 1796 2185; x_wconf 81' lang='grc' dir='ltr'><em>τῆς</em></span> 
     </span>
     <span class='ocr_line' id='line_1_26' title="bbox 103 2195 1859 2267; baseline 0.001 -17"><span class='ocrx_word' id='word_1_205' title='bbox 103 2200 429 2266; x_wconf 86' lang='grc' dir='ltr'><em>φλεβοτομίας</em></span> <span class='ocrx_word' id='word_1_206' title='bbox 466 2196 682 2266; x_wconf 80' lang='grc' dir='ltr'><em>ταραχὴν</em></span> <span class='ocrx_word' id='word_1_207' title='bbox 722 2195 1154 2266; x_wconf 84' lang='grc' dir='ltr'><em>ἆποθεραπευτέον</em></span> <span class='ocrx_word' id='word_1_208' title='bbox 1192 2197 1245 2251; x_wconf 90' lang='grc' dir='ltr'><em>τὸ</em></span> <span class='ocrx_word' id='word_1_209' title='bbox 1286 2204 1425 2266; x_wconf 81' lang='grc' dir='ltr'><em>σῶμα</em></span> <span class='ocrx_word' id='word_1_210' title='bbox 1461 2199 1545 2250; x_wconf 84' lang='grc' dir='ltr'><em>καὶ</em></span> <span class='ocrx_word' id='word_1_211' title='bbox 1592 2199 1791 2267; x_wconf 76' lang='grc' dir='ltr'><em>ἕγκαθι-</em></span> <span class='ocrx_word' id='word_1_212' title='bbox 1815 2218 1859 2252; x_wconf 82' lang='lat'><em>25</em></span> 
     </span>
     <span class='ocr_line' id='line_1_27' title="bbox 100 2276 1791 2347; baseline -0.001 -15"><span class='ocrx_word' id='word_1_213' title='bbox 100 2280 239 2332; x_wconf 88' lang='grc' dir='ltr'><em>στέον</em></span> <span class='ocrx_word' id='word_1_214' title='bbox 293 2281 361 2342; x_wconf 83' lang='grc' dir='ltr'><em>εἰς</em></span> <span class='ocrx_word' id='word_1_215' title='bbox 409 2276 670 2347; x_wconf 79' lang='grc' dir='ltr'><em>ὑδρέλαιον</em></span> <span class='ocrx_word' id='word_1_216' title='bbox 722 2277 912 2346; x_wconf 83' lang='grc' dir='ltr'><em>θερμὸν</em></span> <span class='ocrx_word' id='word_1_217' title='bbox 965 2277 996 2346; x_wconf 81' lang='grc' dir='ltr'>ἢ</span> <span class='ocrx_word' id='word_1_218' title='bbox 1052 2278 1231 2347; x_wconf 83' lang='grc' dir='ltr'><em>τήλεως</em></span> <span class='ocrx_word' id='word_1_219' title='bbox 1284 2276 1316 2346; x_wconf 82' lang='grc' dir='ltr'>ἢ</span> <span class='ocrx_word' id='word_1_220' title='bbox 1372 2279 1699 2347; x_wconf 88' lang='grc' dir='ltr'><em>λινοσπέρμου</em></span> <span class='ocrx_word' id='word_1_221' title='bbox 1758 2276 1791 2345; x_wconf 75' lang='grc' dir='ltr'>ἢ</span> 
     </span>
     <span class='ocr_line' id='line_1_28' title="bbox 103 2357 1789 2429; baseline -0.001 -16"><span class='ocrx_word' id='word_1_222' title='bbox 103 2358 323 2429; x_wconf 78' lang='grc' dir='ltr'><em>μαλάχης</em></span> <span class='ocrx_word' id='word_1_223' title='bbox 360 2357 548 2428; x_wconf 81' lang='grc' dir='ltr'><em>ἡμέρου</em></span> <span class='ocrx_word' id='word_1_224' title='bbox 588 2381 636 2412; x_wconf 90' lang='grc' dir='ltr'><em>τε</em></span> <span class='ocrx_word' id='word_1_225' title='bbox 674 2361 755 2412; x_wconf 82' lang='grc' dir='ltr'><em>καὶ</em></span> <span class='ocrx_word' id='word_1_226' title='bbox 786 2357 959 2429; x_wconf 72' lang='grc' dir='ltr'><em>ἀγρίας</em></span> <span class='ocrx_word' id='word_1_227' title='bbox 990 2357 1249 2427; x_wconf 81' lang='grc' dir='ltr'><em>ἆφέψημα.</em></span> <span class='ocrx_word' id='word_1_228' title='bbox 1291 2357 1616 2426; x_wconf 82' lang='grc' dir='ltr'><em>διαστήσαντα</em></span> <span class='ocrx_word' id='word_1_229' title='bbox 1648 2359 1702 2412; x_wconf 80' lang='grc' dir='ltr'><em>δὲ</em></span> <span class='ocrx_word' id='word_1_230' title='bbox 1731 2358 1789 2412; x_wconf 78' lang='grc' dir='ltr'><em>τὰ</em></span> 
     </span>
    </p>
   </div>
   <div class='ocr_carea' id='block_1_3' title="bbox 38 2500 1789 2915">
    <p class='ocr_par' dir='ltr' id='par_1_4' title="bbox 220 2500 1787 2576">
     <span class='ocr_line' id='line_1_29' title="bbox 220 2500 1787 2576; baseline -0.001 -28"><span class='ocrx_word' id='word_1_231' title='bbox 220 2510 243 2548; x_wconf 91' lang='grc'><em>1</em></span> <span class='ocrx_word' id='word_1_232' title='bbox 285 2500 412 2560; x_wconf 76' lang='grc' dir='ltr'><em>ὕδωρ</em></span> <span class='ocrx_word' id='word_1_233' title='bbox 446 2517 484 2549; x_wconf 78' lang='lat' dir='ltr'><em>c.</em></span> <span class='ocrx_word' id='word_1_234' title='bbox 638 2501 759 2561; x_wconf 79' lang='grc' dir='ltr'><em>ῤἀκη</em></span> <span class='ocrx_word' id='word_1_235' title='bbox 791 2502 1208 2576; x_wconf 75' lang='grc' dir='ltr'><em>περιειλλημμένον</em></span> <span class='ocrx_word' id='word_1_236' title='bbox 1240 2517 1278 2547; x_wconf 85' lang='lat' dir='ltr'><em>c.</em></span> <span class='ocrx_word' id='word_1_237' title='bbox 1432 2508 1458 2548; x_wconf 90' lang='grc'><strong>6</strong></span> <span class='ocrx_word' id='word_1_238' title='bbox 1499 2500 1602 2548; x_wconf 84' lang='grc' dir='ltr'><em>εἶτα</em></span> <span class='ocrx_word' id='word_1_239' title='bbox 1636 2506 1693 2560; x_wconf 65' lang='grc'><em>(9)</em></span> <span class='ocrx_word' id='word_1_240' title='bbox 1726 2503 1787 2547; x_wconf 87' lang='lat' dir='ltr'><em>E:</em></span> 
     </span>
    </p>

    <p class='ocr_par' dir='ltr' id='par_1_5' title="bbox 98 2561 1787 2855">
     <span class='ocr_line' id='line_1_30' title="bbox 101 2561 1786 2621; baseline -0.001 -15"><span class='ocrx_word' id='word_1_241' title='bbox 101 2563 180 2607; x_wconf 79' lang='grc' dir='ltr'><em>ἵνα</em></span> <span class='ocrx_word' id='word_1_242' title='bbox 213 2575 250 2608; x_wconf 83' lang='grc' dir='ltr'><em>ο.</em></span> <span class='ocrx_word' id='word_1_243' title='bbox 389 2568 413 2607; x_wconf 84' lang='grc'>7</span> <span class='ocrx_word' id='word_1_244' title='bbox 447 2579 496 2608; x_wconf 90' lang='grc' dir='ltr'><em>τε</em></span> <span class='ocrx_word' id='word_1_245' title='bbox 530 2563 704 2608; x_wconf 83' lang='lat' dir='ltr'><strong>addidi.</strong></span> <span class='ocrx_word' id='word_1_246' title='bbox 828 2569 882 2608; x_wconf 87' lang='lat'><em>13</em></span> <span class='ocrx_word' id='word_1_247' title='bbox 913 2566 1022 2621; x_wconf 73' lang='lat' dir='ltr'>post</span> <span class='ocrx_word' id='word_1_248' title='bbox 1054 2564 1179 2620; x_wconf 82' lang='grc' dir='ltr'><em>απλῇ</em></span> <span class='ocrx_word' id='word_1_249' title='bbox 1213 2564 1469 2618; x_wconf 74' lang='lat' dir='ltr'><strong>sequuntur</strong></span> <span class='ocrx_word' id='word_1_250' title='bbox 1498 2562 1701 2607; x_wconf 75' lang='lat' dir='ltr'><strong>Aetiana</strong></span> <span class='ocrx_word' id='word_1_251' title='bbox 1731 2561 1786 2606; x_wconf 89' lang='lat' dir='ltr'><em>D.</em></span> 
     </span>
     <span class='ocr_line' id='line_1_31' title="bbox 98 2622 1789 2693; baseline -0.001 -27"><span class='ocrx_word' id='word_1_252' title='bbox 98 2636 143 2678; x_wconf 91' lang='lat' dir='ltr'><em>p.</em></span> <span class='ocrx_word' id='word_1_253' title='bbox 169 2627 270 2679; x_wconf 87' lang='grc'><em>220,</em></span> <span class='ocrx_word' id='word_1_254' title='bbox 296 2627 546 2678; x_wconf 87' lang='grc'><strong>22-221,</strong></span> <span class='ocrx_word' id='word_1_255' title='bbox 571 2627 625 2667; x_wconf 96' lang='grc'><em>21</em></span> <span class='ocrx_word' id='word_1_256' title='bbox 660 2622 858 2693; x_wconf 86' lang='lat' dir='ltr'><strong>(Erm.p</strong></span> <span class='ocrx_word' id='word_1_257' title='bbox 863 2627 992 2677; x_wconf 83' lang='lat'><strong>.212‚</strong></span> <span class='ocrx_word' id='word_1_258' title='bbox 1020 2628 1073 2666; x_wconf 92' lang='lat'><em>11</em></span> <span class='ocrx_word' id='word_1_259' title='bbox 1096 2626 1272 2678; x_wconf 84' lang='lat'>-216,</span> <span class='ocrx_word' id='word_1_260' title='bbox 1295 2622 1356 2678; x_wconf 88' lang='grc'><em>4).</em></span> <span class='ocrx_word' id='word_1_261' title='bbox 1481 2626 1538 2665; x_wconf 85' lang='grc'><em>14</em></span> <span class='ocrx_word' id='word_1_262' title='bbox 1569 2623 1789 2676; x_wconf 84' lang='grc' dir='ltr'><em>περιοδυ-</em></span> 
     </span>
     <span class='ocr_line' id='line_1_32' title="bbox 99 2637 1787 2753; baseline -0.002 -28"><span class='ocrx_word' id='word_1_263' title='bbox 99 2681 194 2725; x_wconf 77' lang='grc' dir='ltr'><em>νῶν</em></span> <span class='ocrx_word' id='word_1_264' title='bbox 227 2696 264 2726; x_wconf 80' lang='grc' dir='ltr'><em>ο.</em></span> <span class='ocrx_word' id='word_1_265' title='bbox 418 2686 485 2726; x_wconf 86' lang='grc'><em>16</em></span> <span class='ocrx_word' id='word_1_266' title='bbox 504 2637 864 2753; x_wconf 82' lang='grc' dir='ltr'><em>&lt;πεπονηκόσι&gt;</em></span> <span class='ocrx_word' id='word_1_267' title='bbox 895 2657 1000 2728; x_wconf 80' lang='lat' dir='ltr'><strong>add’.</strong></span> <span class='ocrx_word' id='word_1_268' title='bbox 1032 2682 1084 2726; x_wconf 90' lang='grc' dir='ltr'><em>Ε.</em></span> <span class='ocrx_word' id='word_1_269' title='bbox 1241 2685 1295 2726; x_wconf 91' lang='lat'><em>18</em></span> <span class='ocrx_word' id='word_1_270' title='bbox 1345 2676 1510 2737; x_wconf 83' lang='grc' dir='ltr'><em>έφίσης</em></span> <span class='ocrx_word' id='word_1_271' title='bbox 1542 2694 1578 2725; x_wconf 82' lang='lat' dir='ltr'><em>c.</em></span> <span class='ocrx_word' id='word_1_272' title='bbox 1733 2684 1787 2723; x_wconf 87' lang='grc'><em>19</em></span> 
     </span>
     <span class='ocr_line' id='line_1_33' title="bbox 99 2735 1785 2811; baseline -0.001 -27"><span class='ocrx_word' id='word_1_273' title='bbox 99 2735 548 2811; x_wconf 78' lang='grc' dir='ltr'><em>ἇπαραποδίστωςο</em></span> <span class='ocrx_word' id='word_1_274' title='bbox 684 2745 742 2784; x_wconf 92' lang='grc'><em>20</em></span> <span class='ocrx_word' id='word_1_275' title='bbox 773 2736 869 2785; x_wconf 73' lang='grc' dir='ltr'><em>ἀπὸ</em></span> <span class='ocrx_word' id='word_1_276' title='bbox 895 2742 1098 2799; x_wconf 75' lang='grc' dir='ltr'><em>σφυροῦε</em></span> <span class='ocrx_word' id='word_1_277' title='bbox 1134 2742 1296 2785; x_wconf 68' lang='grc' dir='ltr'><strong>(301113τὸ</strong></span> <span class='ocrx_word' id='word_1_278' title='bbox 1320 2740 1421 2784; x_wconf 84' lang='lat' dir='ltr'><strong>Gal.</strong></span> <span class='ocrx_word' id='word_1_279' title='bbox 1442 2739 1519 2794; x_wconf 89' lang='lat' dir='ltr'><em>XI,</em></span> <span class='ocrx_word' id='word_1_280' title='bbox 1539 2743 1623 2783; x_wconf 91' lang='grc'><em>303</em></span> <span class='ocrx_word' id='word_1_281' title='bbox 1650 2739 1785 2794; x_wconf 88' lang='grc'><strong>(283)</strong></span> 
     </span>
     <span class='ocr_line' id='line_1_34' title="bbox 158 2794 1784 2871; baseline -0.002 -27"><span class='ocrx_word' id='word_1_282' title='bbox 158 2804 214 2844; x_wconf 87' lang='grc'><em>22</em></span> <span class='ocrx_word' id='word_1_283' title='bbox 247 2796 415 2850; x_wconf 74' lang='grc' dir='ltr'><em>σπασις</em></span> <span class='ocrx_word' id='word_1_284' title='bbox 446 2800 524 2855; x_wconf 81' lang='lat' dir='ltr'>(sc.</span> <span class='ocrx_word' id='word_1_285' title='bbox 558 2794 836 2852; x_wconf 83' lang='grc' dir='ltr'><em>αντίσπασις</em></span> <span class='ocrx_word' id='word_1_286' title='bbox 866 2799 1276 2871; x_wconf 75' lang='lat' dir='ltr'>venaesectionis):</span> <span class='ocrx_word' id='word_1_287' title='bbox 1318 2812 1534 2848; x_wconf 74' lang='grc' dir='ltr'><em>στασιςο</em></span> <span class='ocrx_word' id='word_1_288' title='bbox 1728 2800 1784 2840; x_wconf 90' lang='grc'><em>23</em></span> 
     </span>
    </p>

    <p class='ocr_par' dir='ltr' id='par_1_6' title="bbox 38 2851 1787 2915">
     <span class='ocr_line' id='line_1_35' title="bbox 38 2851 1787 2915; baseline -0.001 -14"><span class='ocrx_word' id='word_1_289' title='bbox 38 2882 43 2883; x_wconf 38' lang='lat'><em>⁷</em></span> <span class='ocrx_word' id='word_1_290' title='bbox 102 2855 287 2903; x_wconf 80' lang='grc' dir='ltr'><em>σκύλλει</em></span> <span class='ocrx_word' id='word_1_291' title='bbox 318 2858 413 2915; x_wconf 81' lang='lat' dir='ltr'>(vel</span> <span class='ocrx_word' id='word_1_292' title='bbox 445 2860 643 2914; x_wconf 75' lang='grc' dir='ltr'><em>σκυλεῖ);</em></span> <span class='ocrx_word' id='word_1_293' title='bbox 692 2859 859 2903; x_wconf 79' lang='grc' dir='ltr'><em>σκῦλαι</em></span> <span class='ocrx_word' id='word_1_294' title='bbox 892 2873 916 2902; x_wconf 82' lang='lat' dir='ltr'>c</span> <span class='ocrx_word' id='word_1_295' title='bbox 948 2856 1133 2915; x_wconf 82' lang='grc' dir='ltr'><em>(σκύλαι</em></span> <span class='ocrx_word' id='word_1_296' title='bbox 1163 2874 1224 2902; x_wconf 83' lang='grc' dir='ltr'><em>αν</em></span> <span class='ocrx_word' id='word_1_297' title='bbox 1257 2857 1327 2914; x_wconf 86' lang='grc' dir='ltr'><em>Ε).</em></span> <span class='ocrx_word' id='word_1_298' title='bbox 1510 2861 1567 2900; x_wconf 86' lang='grc'><em>27</em></span> <span class='ocrx_word' id='word_1_299' title='bbox 1599 2851 1787 2911; x_wconf 84' lang='grc' dir='ltr'><em>διαστή-</em></span> 
     </span>
    </p>
   </div>
   <div class='ocr_carea' id='block_1_4' title="bbox 1427 2930 1519 2973">
    <p class='ocr_par' dir='ltr' id='par_1_7' title="bbox 1427 2930 1519 2973">
     <span class='ocr_line' id='line_1_36' title="bbox 1427 2930 1519 2973; baseline 0 0"><span class='ocrx_word' id='word_1_300' title='bbox 1427 2930 1519 2973; x_wconf 86' lang='grc'><em>20*</em></span> 
     </span>
    </p>
   </div>
  </div>
 </body>
</html>
