2014 3162
741 101 1136 153 —217—

101 233 133 303 ἢ
181 234 361 288 πόλτον
406 237 494 286 καί
533 255 576 286 τι
623 237 720 286 τῶν
766 231 832 299 μὴ
878 234 1217 300 καταπιμέλων
1262 239 1460 300 πτηνῶν
1506 236 1588 287 καὶ
1633 234 1784 289 ποτὸν

99 316 253 384 ὕδωρ,
293 313 354 368 οὐ
391 314 535 381 πολύ,
573 312 771 382 ψυχρὸν
802 313 857 366 δὲ
888 316 933 366 εἰ
961 312 1193 381 σύνηθες,
1233 312 1376 381 χάριν
1405 320 1492 367 τοῦ
1522 317 1784 383 παραστέλ-

99 403 273 450 λεσθαι
323 393 409 449 τὸν
458 393 650 448 πλάδον
696 399 783 447 τοῦ
829 393 1086 463 στομάχου.
1162 402 1268 457 ταῖς
1319 394 1372 446 δὲ
1423 396 1533 463 ἑξῆς
1581 394 1784 464 ἡμέραις

99 476 193 545 πρὸ
240 482 325 529 τοῦ
373 473 662 543 ἆλείμματος
707 481 1036 542 προκαταψᾶν
1083 473 1247 528 αὐτῶν
1285 473 1337 528 τὸ
1379 481 1518 543 σῶμα
1557 475 1622 528 δι’
1668 475 1785 530 ὀθο-

98 563 222 612 νίων
271 563 528 626 τρυφερῶν
579 556 690 625 ἄχρι
741 557 1012 624 συμμέτρου
1063 562 1345 625 φοινιγμοῦ.
1423 555 1538 624 μετὰ
1593 557 1647 609 δὲ
1701 556 1786 620 τὰς
1832 577 1853 610 5

99 637 292 708 πρώτας
330 637 512 707 ἡμέρας
550 644 735 710 λουτρῷ
774 644 988 706 χρῆσθαι
1026 639 1276 710 ζεστοτέρῳ
1315 638 1398 689 καὶ
1432 639 1632 708 οἰναρίῳ
1667 655 1784 705 συμ-

99 722 251 792 μέτρῳ
289 721 370 772 καὶ
411 719 631 787 κινήσεσι
667 726 772 780 ταῖς
811 717 876 770 δι’
921 717 1120 786 αἰώρας,
1160 722 1343 789 φορείῳ
1383 717 1436 771 τὸ
1475 725 1671 787 πρῶτον
1702 721 1787 772 καὶ

98 803 320 872 καθέδρᾳ
373 800 575 853 κᾶπειτα
630 804 830 871 ζευκτῷ,
883 800 966 850 καὶ
1014 798 1298 867 περιπάτοις
1347 797 1704 868 ἆναφωνήσεσί
1737 821 1785 853 τε

96 884 180 935 καὶ
218 881 523 951 ἀναγνώσεσι
563 878 678 948 μετὰ
717 877 998 947 πλάσματος
1035 882 1118 932 καὶ
1155 883 1444 949 γυμνασίοις
1481 887 1581 943 τοῖς
1621 879 1685 932 δι’
1708 879 1786 949 ὄρ-

97 961 283 1030 χήσεως
328 960 557 1031 κωρύκου
602 981 652 1013 τε
696 961 778 1012 καὶ
825 963 1038 1028 σφαίρας
1084 962 1166 1013 καὶ
1211 964 1436 1028 τρίψεως.
1511 968 1787 1014 τονωτικῶν
1813 982 1854 1014 10

98 1041 192 1112 γὰρ
241 1047 328 1095 τοῦ
379 1041 623 1111 στομάχου
673 1039 727 1094 τὸ
779 1041 936 1108 μέρος.
1014 1043 1082 1094 ἔτι
1133 1048 1220 1095 τοῦ
1270 1040 1420 1109 ἄρτου
1473 1044 1784 1111 ξηροφαγεῖν.

99 1123 254 1186 οὕτως
290 1122 383 1193 γαρ
423 1121 646 1191 εὐμαρῶς
685 1119 1067 1187 ἆποκουφίζεται
1104 1121 1162 1174 τὰ
1202 1121 1400 1190 σώματα
1437 1127 1535 1175 τῶν
1573 1128 1659 1190 τῆς
1688 1127 1786 1175 κίσ-

98 1223 188 1272 σης
227 1203 461 1273 ὀχληρῶν.
537 1202 910 1271 ὑφαιρουμένου
949 1208 1037 1256 τοῦ
1076 1202 1197 1255 καθ’
1233 1202 1421 1271 ἡμέραν
1460 1211 1667 1272 λουτροῦ
1704 1206 1787 1258 καὶ

98 1284 230 1353 παρὰ
270 1289 388 1353 μίαν
427 1286 481 1338 δὲ
518 1286 603 1338 καὶ
639 1281 773 1352 παρὰ
814 1281 905 1336 δύο
944 1283 1408 1353 παραλαμβάνομεν.

211 1372 295 1420 50.
372 1373 554 1434 πολλῆς
601 1366 654 1418 δὲ
702 1363 854 1431 οὔσης
901 1362 1182 1433 ἀνατροπῆς
1230 1368 1312 1419 καὶ
1362 1365 1648 1434 πλαδήσεως
1698 1373 1784 1421 τοῦ
1811 1386 1853 1420 15

97 1446 341 1516 στομάχου
386 1453 716 1509 πυκνωτικαῖς
760 1446 993 1514 χρηστέον
1031 1448 1294 1515 έμβροχαῖς
1331 1444 1452 1500 κατὰ
1491 1448 1576 1502 τὸν
1616 1449 1786 1517 στόμα-

97 1551 186 1597 χον
223 1530 307 1581 καὶ
343 1526 434 1595 τὴν
471 1531 662 1595 κοιλίαν
701 1524 767 1579 δι’
797 1528 963 1580 ἐλαίου
1003 1526 1308 1597 ὠμοτριβοῦς
1353 1531 1436 1582 καὶ
1487 1529 1786 1598 ὀμφακίνου,

98 1611 243 1677 ε’ρίων
282 1608 833 1678 προσπεριειληθέντων.
887 1609 970 1660 καὶ
1009 1607 1211 1678 ῥόδινον
1251 1610 1305 1662 δὲ
1342 1612 1425 1663 καὶ
1464 1610 1674 1678 μήλινον
1703 1613 1799 1664 καὶ,

99 1689 337 1759 μύρσινον
375 1691 459 1742 καὶ
498 1694 779 1758 μαστίχινον
817 1689 901 1740 καὶ
931 1687 1169 1758 νάρδινον
1200 1691 1538 1758 έπισυστρέφει
1568 1689 1653 1744 τὸν
1685 1691 1788 1745 στό-

99 1793 254 1840 μαχον
299 1769 624 1839 ὑπτιώμενον,
669 1768 702 1839 ἢ
744 1767 828 1822 διά
865 1791 997 1833 τινος
1034 1769 1220 1824 τούτων
1258 1771 1563 1840 κηρωτάριον
1602 1774 1786 1825 ε’παλεί-
1810 1792 1855 1826 20

102 1874 231 1919 φειν.
309 1856 352 1905 εἰ
396 1852 451 1905 δὲ
497 1851 819 1918 εὐτονωτέρας
865 1854 999 1920 χρεία
1047 1850 1270 1919 στύψεως
1315 1853 1503 1922 γένοιτο
1551 1850 1634 1905 διὰ
1673 1851 1787 1916 τοὺς

102 1933 317 2000 ἐμέτους,
357 1934 617 2000 ἐπιθέμασι
654 1932 903 2002 χρηστέον,
942 1933 992 1995 ἐξ
1024 1926 1095 1985 ῶν
1126 1936 1217 1986 εἰσι
1247 1937 1469 2001 φοίνικες
1503 1935 1640 2001 ξηροὶ
1671 1954 1787 2001 προ-

100 2013 386 2082 βρεχθέντες
423 2010 454 2080 ἢ
495 2014 765 2080 ἕψηθέντες
803 2015 858 2066 έν
898 2016 1017 2084 οἴνῳ
1058 2012 1284 2087 αὐστηρῷ
1323 2012 1356 2082 ἢ
1397 2013 1667 2086 ὀξυκράτῳ,
1705 2015 1787 2066 καὶ

102 2099 231 2162 μῆλα
276 2092 498 2147 κυδώνια
535 2097 892 2163 παραπλησίως
931 2095 1093 2163 ἑφθά,
1154 2092 1259 2149 κατ’
1304 2099 1436 2149 ἰδίαν
1475 2093 1507 2163 ἢ
1548 2093 1664 2163 μετὰ
1701 2101 1788 2162 τῆς

97 2174 219 2243 πρὸς
257 2173 372 2238 τοὺς
410 2178 640 2242 φοίνικας
679 2182 961 2244 συμπλοκῆς
998 2175 1031 2244 ἢ
1073 2175 1189 2245 μετά
1226 2198 1358 2240 τινος
1387 2183 1485 2230 τῶν
1517 2177 1786 2244 εἰρημένων
1810 2196 1853 2230 25

96 2259 430 2326 κηρωταρίων,
476 2259 520 2309 εἰ
557 2254 602 2309 δ’
647 2258 900 2309 ἐπιτείνειν
937 2255 1236 2325 θελήσαιμεν
1281 2255 1372 2325 τὴν
1419 2255 1650 2324 δύναμιν,
1703 2259 1786 2310 καὶ

99 2341 391 2406 στυπτηρίας
428 2335 581 2408 ὑγρᾶς
618 2335 650 2406 ἢ
692 2341 844 2406 ξηρᾶς
874 2334 1024 2404 ἆλόης
1053 2359 1102 2390 τε
1132 2338 1215 2390 καὶ
1247 2341 1478 2406 μαστίχης
1509 2338 1591 2390 καὶ
1622 2336 1787 2408 ῥόδων

217 2487 243 2526 2
278 2480 323 2526 εἰ
350 2482 411 2526 E=
453 2478 502 2533 ἐς
534 2496 571 2526 c.
726 2486 780 2526 10
811 2477 1026 2537 κωρύκου
1059 2482 1120 2526 D:
1153 2483 1378 2539 κουρικοῦ
1412 2496 1448 2528 c.
1602 2499 1787 2528 τονωτι·

98 2540 214 2586 κῶνε
254 2538 511 2586 τόνωτικόν
544 2555 581 2586 c.
765 2545 818 2584 11
852 2539 961 2598 γάρε
994 2538 1048 2586 δὲ
1083 2555 1120 2585 c.
1275 2539 1363 2586 ἕτιε
1398 2537 1475 2586 ἐπὶ
1508 2555 1543 2586 o.
1732 2546 1785 2585 13

97 2595 456 2657 ἧφαιρουμένου
489 2613 514 2644 c
546 2602 678 2656 (corr.
711 2600 780 2657 E).
903 2601 1212 2672 καθηραμίαν
1244 2601 1343 2658 (Sic)
1377 2615 1401 2646 c
1434 2602 1564 2658 (corr.
1597 2600 1667 2658 E).

102 2663 155 2703 15
187 2655 483 2715 πλαδήσεωςε
516 2659 690 2716 πλέὸης
722 2658 808 2710 ἕως
841 2673 879 2705 ο.
1004 2664 1057 2704 17
1091 2662 1382 2716 ομφακίνουε
1415 2662 1645 2713 -κίζοντος
1669 2673 1693 2703 c
1718 2660 1788 2714 (ut

102 2730 242 2774 supra
272 2717 310 2772 l,
333 2719 423 2774 46).
547 2724 601 2763 19
635 2719 878 2776 μαστίχιον
912 2717 1013 2776 (sic)
1047 2733 1070 2763 c
1104 2720 1235 2776 (corr.
1270 2719 1332 2775 d).
1456 2715 1796 2772 έπισυστροφεῐ·

101 2790 138 2822 ο.
262 2781 317 2821 22
353 2773 608 2834 ἐπιθέματι
639 2791 664 2822 c
697 2779 829 2834 (corr.
861 2777 931 2834 E).
1077 2782 1134 2822 24
1164 2795 1209 2836 μ.
1242 2778 1323 2822 καὶ
1355 2774 1565 2822 κυδώνια
1597 2791 1621 2821 c
1653 2778 1785 2832 (corr.

96 2834 169 2893 E).
292 2839 348 2881 26
381 2831 428 2879 δ’
457 2832 662 2888 έπίτινος
695 2851 731 2882 c.
