2014 3162
751 84 1156 138 —215—

103 215 195 284 τὴν
225 214 412 284 ψυχήν,
445 218 488 268 εἰ
516 216 737 283 βιωτικαὶ
770 220 1026 285 φροντίδες
1051 216 1381 286 συνετάραξαν
1406 218 1578 287 αὐτήν,
1612 220 1791 273 τονοῦν

105 297 162 350 δὲ
199 294 256 348 τὰ
295 298 414 365 μέρη
456 294 571 364 μετὰ
611 302 707 348 τῶν
746 295 891 364 ὅλων,
939 300 983 350 εἰ
1017 299 1125 367 περὶ
1165 296 1254 365 τὴν
1292 297 1497 366 ὑστέραν
1534 298 1565 367 ἡ
1606 298 1789 353 ἀτονία.

215 378 298 430 καὶ
343 376 541 444 τοιαύτη
590 377 679 444 μὲν
716 376 747 444 ἡ
787 379 896 445 περὶ
933 376 1019 431 τὸν
1056 384 1250 447 πρῶτον
1287 378 1467 448 χρόνον
1505 386 1591 448 τῆς
1630 398 1790 433 συνει-

105 459 320 524 ληφυίας
366 458 633 524 ἐπιμέλεια,
689 459 766 510 ἐπὶ
815 459 868 510 δὲ
917 457 1288 526 προκοπτούσης
1325 466 1411 527 τῆς
1448 464 1720 527 κυοφορίας
1759 459 1789 528 ἡ

50 583 52 585 .
106 538 383 605 καλουμένη
431 540 643 607 γίγνεται
694 542 852 591 κίσσα.
929 539 1011 590 καὶ
1056 541 1166 606 περὶ
1212 539 1390 608 ταύτης
1428 541 1642 609 λέγωμεν
1681 538 1790 593 ἆκο-
1815 563 1836 596 5

105 616 315 681 λούθως.

675 726 768 773 XV
822 724 968 790 Περὶ
1007 726 1225 790 κίσσης.

219 830 308 877 48.
348 866 359 876 .
386 864 396 876 .
423 865 434 875 .
458 824 652 893 λέγουσι
692 825 746 876 δὲ
783 823 966 892 ταύτην
998 828 1048 878 οἵ
1075 826 1163 892 μὲν
1196 826 1249 878 ἐκ
1280 832 1558 895 μεταφορᾶς
1590 825 1794 892 ὄρνιθος

105 904 234 959 οὕτω
274 907 549 975 λεγομένης.
606 903 671 968 ὥς
709 905 802 975 γάρ
841 903 931 973 τὴν
968 904 1161 973 πτηνὴν
1199 909 1373 959 κίσσαν
1410 910 1637 973 ποικίλην
1669 904 1794 958 εἶναι

103 983 379 1049 πτιλτόσεως
417 987 559 1039 ἕνεκα
597 987 679 1038 καὶ
711 992 902 1054 φωνῆς,
944 985 1098 1049 οὕτως
1129 988 1210 1038 καὶ
1241 985 1292 1040 τὸ
1325 991 1646 1055 προκείμενον
1678 986 1793 1054 σύμ·
1819 1011 1860 1043 10

103 1088 276 1134 πτωμα
319 1069 557 1120 ποικίλων
605 1065 812 1134 ὀρέξεων
859 1065 1297 1134 ἆποτελεσματικὸν
1343 1066 1594 1136 ὑπάρχειν.
1670 1068 1795 1130 τινὲς

108 1147 162 1200 δὲ
200 1145 298 1200 ἀπὸ
338 1152 424 1201 τοῦ
463 1153 649 1200 κισσοῦ.
703 1149 786 1199 καὶ
824 1147 918 1217 γὰρ
958 1142 1100 1211 οὗτος
1130 1152 1350 1211 ποικίλος
1381 1150 1435 1201 έν
1466 1156 1794 1216 περιπλοκαῖς.

217 1229 511 1298 ἐπιγίγνεται
567 1229 620 1280 δὲ
673 1235 776 1291 ταῖς
829 1231 1071 1290 πλείσταις
1124 1234 1221 1281 τῶν
1274 1236 1637 1296 κυοφορουσῶν
1686 1231 1796 1297 περὶ

107 1307 198 1377 τὴν
244 1307 631 1377 τεσσαρακοστὴν
676 1306 888 1378 ἡμέραν,
945 1310 1012 1360 ἔτι
1059 1309 1112 1360 δὲ
1159 1310 1294 1377 μέχρι
1339 1309 1586 1377 τεσσάρων
1625 1316 1796 1377 μηνῶν

107 1388 172 1454 ὦς
212 1391 291 1443 ἐπὶ
328 1388 380 1443 τὸ
420 1396 643 1443 πλεῖστον
682 1391 856 1444 ἕπεται.
904 1391 1057 1452 ένίαις
1097 1389 1151 1441 δὲ
1189 1391 1271 1442 καὶ
1308 1388 1476 1458 τάχιον
1512 1387 1544 1457 ἢ
1584 1390 1794 1459 βράδιον
1819 1413 1862 1446 15

106 1470 299 1540 ὄῖρχεται
352 1473 435 1523 καὶ
480 1473 754 1539 παραμένει
800 1469 949 1524 πάλιν
994 1471 1087 1522 τισὶ
1134 1470 1222 1537 μὲν
1268 1468 1564 1540 ὄλιγωτέρως
1610 1473 1701 1523 τισὶ
1742 1471 1796 1523 δὲ

39 1614 42 1615 ⁷
106 1553 242 1621 μέχρι
279 1555 528 1617 πλείονος,
582 1556 800 1615 σπανίως
841 1553 895 1605 δέ
931 1569 1025 1604 τισι
1063 1552 1199 1620 μέχρι
1238 1557 1322 1619 τῆς
1360 1549 1652 1617 ἆποτέξεως,
1703 1553 1796 1604 τισὶ

107 1631 154 1685 δ’
198 1630 306 1686 οὐδ’
349 1631 475 1694 ὅλως
513 1631 928 1699 ἐπηκολούθησεν.

229 1759 252 1798 1
298 1750 651 1811 συνετάρασσαν
684 1768 708 1799 c
740 1756 874 1811 (corr
907 1755 978 1810 E).
1163 1759 1187 1798 7
1228 1753 1362 1798 huius
1402 1766 1500 1811 cap.
1534 1754 1658 1798 idem
1690 1755 1740 1798 in
1772 1769 1796 1799 c

107 1812 296 1858 initium
333 1814 406 1858 est
444 1827 548 1857 cum
588 1812 715 1858 Aetii
755 1813 959 1870 capitulo
996 1817 1162 1868 16,10
1203 1813 1328 1869 quod
1366 1812 1638 1858 inscribitur
1677 1813 1796 1868 Περὶ

109 1873 266 1942 κίττης
306 1873 522 1942 Γαληνοῦ
559 1873 645 1942 (sc.
691 1886 747 1916 ex
789 1871 1032 1930 deperdito
1073 1871 1273 1927 quodam
1313 1872 1524 1916 Pseudo·
1535 1871 1586 1918 G.
1633 1871 1791 1927 libro):

112 1928 178 1975 Τὸ
218 1930 326 1985 περὶ
363 1927 449 1974 τὸν
487 1928 711 1988 δεύτερον
750 1932 876 1988 μῆνα
897 1932 1176 2005 συμβαῖνον
1215 1935 1320 1982 ταῖς
1366 1928 1592 1981 κυούσαις
1637 1928 1798 1982 πάθος

107 1991 238 2045 κίττη
271 1985 539 2046 ὠνόμασται
571 1985 657 2064 [ἐκ
672 1989 944 2063 μεταφορᾶς
967 1987 1212 2046 ὄρνιθος..
1233 1988 1508 2046 ,λεγομένου
1541 1990 1628 2033 etc.
1661 1990 1743 2034 ubi
1774 2004 1798 2034 c

108 2047 297 2105 λέγουσι
335 2047 389 2092 δὲ
429 2048 566 2092 τοῦτο
608 2045 657 2092 οἴ
691 2047 916 2107 μὲν...]
982 2050 1188 2093 ceterum
1230 2048 1285 2092 cf.
1320 2048 1465 2093 Musc.
1498 2049 1539 2103 Ι,
1566 2053 1622 2093 38
1664 2051 1712 2093 et
1742 2062 1799 2093 ex

107 2107 197 2152 inc
231 2108 421 2152 auctore
454 2106 607 2152 simile
639 2106 1012 2153 additamentum
1045 2107 1246 2152 Oribasii
1274 2106 1414 2152 latini
1446 2108 1616 2152 veteris
1649 2107 1727 2162 VI,
1741 2111 1798 2152 48

108 2166 191 2211 ubi
223 2166 314 2211 sic·
303 2201 314 2211 .
365 2165 495 2212 Cissa
526 2167 673 2223 iyitwr
703 2167 761 2211 ab
793 2168 998 2224 antiquis
1030 2179 1192 2212 ‘nomen
1223 2167 1416 2223 aceepit,
1455 2180 1592 2223 quam
1623 2167 1711 2210 alii
1741 2166 1799 2211 ab

110 2226 341 2271 anxietate
374 2226 650 2282 preynantis
690 2226 765 2282 (=
798 2227 949 2271 taedio
987 2226 1151 2281 Musc.)
1192 2262 1201 2271 .
1232 2261 1241 2270 .
1269 2262 1277 2270 .
1305 2226 1391 2269 alii
1428 2240 1459 2268 a
1496 2225 1798 2269 similitudine

109 2285 259 2330 edere.
279 2319 290 2330 .
309 2285 418 2330 ,alii
445 2298 548 2330 vero
580 2286 643 2330 ad
672 2285 1018 2330 similitudinem
1049 2285 1149 2329 avis
1186 2298 1323 2340 quam
1366 2282 1503 2328 Greci
1532 2285 1693 2328 cissam
1722 2295 1799 2328 υο-

110 2348 232 2398 cant,
264 2343 432 2388 Latini
459 2344 615 2400 qaiam
648 2344 881 2400 (yaviam‘i
911 2343 1046 2399 Plin„
1079 2343 1223 2399 Cael.)
1255 2343 1429 2388 dieunt.
1484 2347 1538 2387 ut
1567 2343 1686 2387 enim
1715 2343 1799 2386 illa

107 2404 368 2459 pinnarum
397 2403 618 2448 varietate
656 2403 875 2447 distincta
906 2407 1040 2459 atque
1069 2415 1172 2447 voce
1200 2403 1448 2447 multisona
1478 2414 1568 2446 esse
1593 2402 1798 2458 perhibe-

109 2466 202 2515 tur,
239 2475 334 2506 non
372 2462 506 2506 aliter
544 2462 653 2508 haee
688 2463 846 2518 passio
884 2462 1042 2507 varias
1073 2461 1399 2506 desideriorum
1429 2461 1598 2517 inyerit
1628 2460 1802 2515 formas

118 2521 208 2566 etc.
331 2523 357 2564 8
389 2516 587 2576 ταύτηνι
619 2521 758 2566 τοῦτο
791 2535 829 2565 c.
951 2525 978 2565 9
1010 2521 1118 2577 post
1138 2517 1401 2590 λεγομένης
1431 2519 1556 2575 quod
1585 2518 1727 2564 habet
1758 2518 1798 2561 D

111 2580 271 2650 κίσσης
301 2592 395 2624 non
427 2580 558 2624 extat
586 2580 637 2624 in
667 2578 842 2625 codice
962 2574 1185 2635 ποικινὴν
1218 2593 1242 2623 c
1276 2580 1407 2636 (corr.
1431 2578 1504 2635 D)
1615 2582 1670 2622 10
1701 2592 1800 2621 πτι-

111 2634 293 2689 λώσεως
317 2638 410 2695 (vel
432 2639 605 2682 πτίλων
629 2638 685 2682 cf.
712 2638 794 2683 lat.
821 2642 862 2683 et
884 2651 986 2683 voce
1011 2643 1052 2682 et
1071 2638 1239 2694 permis
1261 2638 1436 2708 varia)·
1469 2637 1700 2687 ποικιλίας
1724 2650 1760 2680 c.

115 2700 168 2739 12
202 2698 390 2742 ποικίλα
423 2711 460 2743 c.
570 2702 627 2741 14
657 2714 712 2754 τη
717 2714 744 2741 ν
775 2698 905 2742 Aet.:
939 2711 1028 2742 om.
1061 2711 1098 2742 e.
1191 2693 1312 2741 κατὰ
1343 2693 1395 2740 τὸ
1429 2699 1646 2740 πλεῖστον
1678 2695 1801 2751 (post

114 2757 253 2829 τεσσ,.)
285 2755 391 2801 add.
425 2769 449 2800 c
480 2755 557 2814 (cf.
582 2757 687 2802 Aet.
719 2761 822 2807 ταῖς
853 2751 1097 2807 κυούσαις.
1148 2751 1232 2807 ,ὥς
1264 2751 1342 2800 ἐπὶ
1372 2752 1425 2799 τὸ
1457 2749 1610 2809 πολύ).
1733 2750 1801 2796 ἔτι

112 2811 172 2858 E:
206 2811 283 2859 ἐπὶ
316 2828 354 2859 c.
508 2819 562 2859 16
594 2810 787 2872 ἄρχεται
817 2814 876 2860 E:
911 2813 1096 2872 ἔρχεται
1129 2827 1167 2859 c.
1288 2810 1596 2871 ὀλιγωτέρους
1627 2810 1727 2869 (sic)
1760 2824 1799 2855 c.
