2014 3162
104 248 156 290 et
200 241 387 304 vimen,
433 240 501 288 ita
548 244 604 287 ut
649 253 763 287 cum
812 237 934 286 haec
973 236 1228 286 bullierint
1265 238 1590 303 refrigescant
1630 248 1678 289 et
1716 242 1787 290 sic

100 313 201 363 illic
250 312 431 362 mulier
476 311 702 361 insideat.
794 313 837 360 si
883 325 999 359 vero
1047 310 1265 359 nolueris
1312 319 1516 376 propter
1564 315 1788 378 corporis

100 393 290 436 motum
330 387 415 450 qui
453 385 608 434 fluxui
648 386 926 434 contrarius
959 390 1041 432 est
1079 383 1516 435 encathismatibus
1555 388 1652 452 uti,
1703 402 1787 452 po·

101 461 223 509 teris
252 461 409 524 ipsam
441 473 616 522 aquam
647 472 738 522 per
770 457 1031 522 clysterem
1060 459 1194 507 intus
1218 457 1481 507 infundere
1513 459 1589 507 vel
1612 475 1785 509 sucum

14 536 18 538 ’
101 532 396 598 plantaginis
440 539 534 581 aut
593 547 773 581 zenzur
820 538 904 580 aut
949 530 1111 580 intubi
1164 538 1247 580 aut
1297 546 1418 581 uvae
1468 531 1664 597 lupinae
1713 533 1787 582 vel
1811 543 1833 575 ⁵

100 606 334 672 pulicaris
364 605 546 655 herbae
578 607 630 654 in
662 607 882 670 pessario
910 604 1179 669 ¹adponere.
1243 612 1591 669 perseverante
1624 614 1787 655 autem

100 679 388 744 valitudine,
435 679 748 744 ypoquistida
803 684 852 727 et
902 680 1114 727 acaciam
1155 685 1204 728 et
1243 680 1410 743 opium
1449 686 1588 728 aceto
1629 679 1789 728 soluta

100 760 151 802 et
189 752 450 817 diligenter
490 754 606 802 trita
644 754 833 816 poteris
872 753 924 800 in
963 751 1071 800 lana
1110 758 1360 816 tamquam
1398 755 1672 817 pessarium
1704 752 1788 801 ad·

98 842 300 893 ponere,
340 825 522 890 quibus
564 825 719 875 >rebus
759 832 808 874 et
842 825 1110 874 omfacium
1151 825 1410 890 aliquando
1444 826 1786 876 admiscemus.

99 915 211 950 nam
258 907 310 949 et
349 899 614 964 ‘penicillus
659 898 819 948 mollis
872 905 1013 947 aceto
1061 901 1246 948 tinctus
1287 899 1412 948 bene
1452 901 1503 948 in
1543 901 1787 949 orificium
1813 910 1857 944 10

98 975 319 1023 matricis
366 973 652 1039 adponitur,
705 979 761 1021 ut
807 972 1043 1021 fluentem
1089 975 1379 1037 sanguinem
1419 975 1678 1039 suscipiat,
1726 989 1788 1022 ne

99 1047 401 1111 coagulando
440 1046 512 1095 ibi
551 1053 717 1111 partes
756 1048 887 1110 ipsas
926 1048 1105 1095 inm-at.
1171 1046 1461 1111 frequenter
1501 1054 1664 1096 autem
1704 1062 1787 1111 pe·

99 1120 294 1170 nicillns
334 1122 442 1185 ipse
476 1120 743 1169 mutandus
775 1126 865 1169 est.
919 1119 1208 1169 cucurbitae
1242 1122 1387 1169 etiam
1420 1120 1640 1170 stalticae
1673 1136 1788 1169 cum

94 1194 367 1244 abundanti
402 1195 515 1259 igne
555 1193 779 1259 partibus
818 1195 939 1258 ipsis
979 1193 1106 1242 bene
1147 1209 1173 1242 a
1206 1195 1326 1243 foris
1352 1194 1682 1261 adponuntur,
1720 1196 1787 1244 ita

96 1274 155 1318 ut
192 1267 261 1317 ibi
299 1267 384 1316 diu
424 1274 712 1316 remaneant
752 1273 802 1316 et
838 1267 1013 1316 leviter
1051 1266 1302 1316 tollantur.
1365 1268 1600 1332 epithima
1639 1270 1786 1317 etiam
1812 1277 1857 1311 15

97 1341 231 1406 quod
264 1341 326 1390 de
360 1340 598 1390 thebaicis
627 1340 858 1406 palmulis
890 1347 1083 1390 constat
1114 1347 1165 1390 et
1196 1341 1335 1391 malis
1367 1341 1590 1406 cydoniis
1614 1357 1786 1406 super·

97 1416 264 1464 missis
319 1414 509 1463 scilicet
561 1414 775 1464 alumine
830 1416 984 1463 scisso
1040 1413 1179 1479 gallis
1226 1414 1331 1483 aloe
1378 1415 1690 1479 ypoquistide
1739 1423 1790 1464 et

99 1490 260 1538 acacia
306 1494 358 1537 et
409 1487 638 1554 omfaci0‚
688 1490 760 1537 fita
798 1494 854 1537 ut
891 1488 1012 1537 haec
1051 1489 1214 1536 omnia
1253 1496 1422 1538 ceroto
1463 1503 1522 1537 ex
1562 1489 1668 1537 oleo
1708 1504 1784 1537 no·

99 1563 231 1611 sacio
284 1561 363 1611 vel
410 1563 629 1610 murtino
677 1561 753 1611 vel
805 1561 1066 1611 lentiscino
1123 1562 1251 1610 facto
1305 1561 1611 1626 colligantur.
1704 1571 1788 1611 aut

98 1635 158 1684 de
197 1634 368 1684 her-bis
406 1635 528 1684 haec
567 1635 854 1700 epithimata
891 1635 1024 1699 fiant,
1071 1634 1166 1684 hoc
1203 1642 1283 1684 est
1320 1635 1589 1701 portulaca,
1628 1637 1857 1702 ginga‚20

96 1707 251 1757 herba
289 1708 512 1774 pulicari‚
551 1723 745 1774 zenzur,
784 1723 879 1758 uva
915 1708 1084 1774 lupina
1124 1715 1174 1758 et
1211 1709 1272 1758 de
1311 1709 1589 1774 plantagine
1634 1716 1684 1758 et
1714 1711 1786 1758 in·

218 1827 239 1865 1
275 1821 323 1865 et
355 1820 510 1866 vimen
542 1821 613 1865 bl:
648 1821 696 1864 ei:
727 1821 937 1865 bitumen
967 1822 1009 1865 h.
1131 1814 1160 1865 2
1191 1821 1290 1865 illic
1323 1823 1393 1866 bl:
1425 1820 1538 1865 illuc
1568 1821 1609 1865 h.
1717 1822 1787 1866 in-

96 1879 181 1936 si(e
206 1880 341 1937 b)dat
374 1881 438 1925 bl.
583 1879 797 1927 volueris.
818 1881 843 1924 b
876 1881 987 1935 (non
1017 1881 1102 1936 lh).
1254 1882 1444 1937 propter
1477 1880 1680 1936 corporis
1713 1882 1785 1925 lh:

94 1951 177 1984 om.
211 1940 251 1984 b.
398 1943 424 1983 5
456 1951 624 1982 zenzur
652 1939 703 1994 h,
736 1953 869 1983 zezur
901 1940 966 1983 bl.
1108 1937 1300 1983 intubas
1333 1941 1379 1984 b:
1422 1939 1562 1995 intu(i
1586 1939 1786 1995 Dborum

93 1997 162 2043 w».
286 2003 313 2043 6
344 1997 564 2055 policaris
598 1998 638 2052 b,
670 1997 912 2054 pullicaris
945 1999 973 2042 l.
1095 1997 1356 2055 inpessarifi
1389 1999 1441 2043 bl
1471 1997 1786 2054 (inpensas-um

93 2057 156 2113 h).
299 2061 327 2101 ’1
358 2056 619 2102 valitudine
650 2057 723 2102 lh:
755 2057 972 2113 passione
1002 2057 1044 2101 b.
1187 2057 1491 2114 ypoquistida
1522 2059 1592 2111 bl,
1623 2057 1785 2114 ypoci-

93 2115 214 2160 stide
243 2117 272 2160 h
306 2116 378 2171 (ut
408 2115 568 2160 acacie
599 2119 706 2161 ante
735 2117 821 2172 ips.
848 2129 970 2161 corr.
1001 2117 1063 2173 h).
1187 2116 1359 2162 soluta.
1380 2152 1390 2161 .
1410 2115 1543 2162 ,trita
1575 2118 1675 2161 blla,

92 2177 123 2218 8
155 2174 435 2232 (tammam
465 2175 538 2219 lh:
572 2176 656 2232 (ta)
691 2188 812 2231 quae
843 2176 884 2220 b.
990 2176 1066 2220 hic
1096 2189 1331 2232 apponere
1362 2176 1465 2220 blh.
1558 2180 1584 2219 9
1617 2175 1785 2231 quibus

0 2255 1 2258 =
39 2238 43 2241 “
92 2233 252 2278 rebus:
285 2238 394 2291 post
422 2234 531 2279 haec
561 2234 699 2279 verba
727 2235 884 2279 multis
913 2235 1090 2279 omissis
1118 2235 1189 2279 sic
1218 2235 1384 2289 finitam·
1413 2248 1450 2280 c.
1482 2238 1576 2279 136
1605 2236 1657 2278 in
1687 2235 1783 2279 cod.

0 2306 1 2328 l
93 2292 122 2338 b
162 2292 333 2349 quibus
372 2292 511 2337 rebus
542 2293 759 2337 comedat:
789 2293 847 2337 de
878 2293 1151 2337 volatilibus
1185 2293 1427 2337 columbus
1460 2293 1648 2350 (coliib3)
1682 2307 1786 2350 per·

98 2349 250 2396 dicem
281 2351 558 2396 confirmata.
586 2351 766 2396 tardius
797 2352 902 2397 dari
932 2352 1259 2409 permittimus.
1300 2351 1555 2396 CXXXVII
1584 2357 1663 2397 etc.

96 2410 331 2455 onfacium
363 2412 399 2455 l:
431 2410 660 2455 orificium
689 2412 733 2455 h.
857 2415 912 2455 10
942 2410 1247 2468 pinnicellum
1278 2411 1418 2455 melle
1450 2412 1478 2466 l,
1511 2411 1783 2467 penicillum

92 2469 240 2514 molle
273 2470 315 2514 h.
438 2469 638 2514 tinctum
671 2470 735 2514 lh.
857 2470 908 2514 in
939 2472 973 2514 l:
1006 2483 1088 2514 om.
1121 2471 1163 2514 h.
1289 2475 1341 2513 11
1376 2484 1433 2514 ne
1463 2471 1500 2514 l:
1533 2484 1619 2514 nec
1649 2471 1691 2514 h.

97 2532 151 2578 12
182 2527 427 2585 penicillus
457 2529 500 2583 h,
531 2527 800 2585 pinnicillus
833 2529 861 2574 l.
985 2533 1040 2572 14
1072 2529 1221 2574 aforas
1251 2530 1293 2574 h.
1419 2533 1472 2573 15
1504 2529 1585 2573 diu
1614 2530 1665 2572 h:
1697 2541 1781 2572 om.

95 2586 124 2631 l.
270 2591 323 2631 16
356 2586 586 2632 thebaicis
617 2588 666 2631 h:
699 2601 781 2632 om.
816 2588 844 2631 l.
995 2587 1131 2632 malis
1165 2587 1372 2644 sydoniis
1403 2589 1454 2632 h:
1485 2587 1781 2632 uibaliscido-

95 2644 184 2689 niis
217 2646 244 2691 l.
399 2650 452 2690 17
485 2646 670 2690 alumen
702 2647 894 2691 scissum
925 2648 1019 2703 (-su
1050 2647 1096 2702 l).
1129 2647 1280 2704 gallas
1313 2645 1534 2704 (gallulas
1567 2646 1612 2701 l).
1646 2646 1783 2690 aloen

97 2703 152 2758 (δε
182 2703 316 2761 aloe).
348 2703 661 2762 ypoquistida.
695 2707 743 2749 et
774 2704 945 2750 acacia.
981 2707 1028 2750 et,
1059 2708 1184 2762 om(n
1208 2704 1418 2761 Dfacium
1448 2706 1514 2750 hl.
1638 2707 1692 2748 18
1726 2717 1782 2747 ex

95 2762 134 2805 l:
167 2763 215 2806 et,
244 2763 286 2808 h.
437 2768 494 2808 20
525 2778 682 2821 gynga
711 2764 742 2808 h
773 2763 964 2820 (gingan
998 2764 1103 2808 Pal.
1137 2769 1178 2809 et
1204 2763 1374 2820 Caum:
1407 2764 1541 2820 nigra
1573 2765 1600 2808 I.
1722 2765 1777 2804 21

96 2833 256 2864 zenzur
287 2822 352 2866 lh.
474 2822 512 2866 ὣ
542 2821 703 2867 intibis
736 2824 771 2868 l:
804 2822 866 2867 Et
894 2822 962 2867 ibi
994 2822 1055 2866 sit
1084 2823 1125 2867 k.
