2014 3162
791 156 1121 192 —v—

127 279 297 328 aetatis
335 276 500 343 hom0‚
538 283 594 325 ut
625 283 745 341 puto
785 277 1034 325 recentior
1067 275 1252 324 saeculi
1274 274 1352 341 Vl,
1402 278 1544 325 cuius
1587 278 1808 341 quamvis

130 351 288 401 adhuc
329 349 622 416 opusculum
663 351 880 414 supersit
918 365 1015 398 non
1058 348 1319 398 adhibetur
1359 356 1522 398 tamen
1562 351 1612 398 in
1648 358 1816 399 vetere

127 425 207 474 illa
265 426 421 489 ipsius
487 425 612 472 sexti
676 422 858 472 saeculi
920 422 1133 472 Oribasii
1195 424 1422 471 versione
1474 423 1577 471 fere
1627 422 1817 487 aequali

132 513 256 563 quae
331 497 388 546 ad
456 499 596 561 regni
665 496 850 561 gothici
915 511 1085 545 aevum
1141 496 1401 545 referenda
1457 503 1532 544 est
1578 495 1818 561 „aliorum

133 567 423 621 auctorum“
470 570 813 619 additamentis
862 585 887 619 a
934 570 1226 619 translatore
1268 569 1575 635 interpolata,
1622 570 1708 618 sed
1746 571 1818 619 in-

134 647 415 694 nominatus
461 646 627 708 potius
697 643 996 692 exscribitur
1043 643 1236 692 Caelius
1293 642 1589 692 Aurelianus
1644 642 1820 692 Sorani

135 721 281 768 etiam
321 721 372 767 in
413 717 740 767 muliebribus
779 719 1042 782 interpreS,
1075 719 1216 766 cuius
1250 717 1521 781 fragmenta
1546 716 1819 781 fragmento

139 788 275 859 (post
328 791 505 856 Apulei
558 786 866 857 herbarium)
922 790 1153 840 Leidensi
1208 806 1333 839 saec,
1374 789 1485 838 XIII
1532 805 1558 838 a
1604 789 1820 839 Luciano

134 865 310 915 Muller
358 867 574 930 primum
631 872 927 930 monstram,
978 880 1004 912 a
1044 880 1122 913 me
1178 866 1432 928 recognito
1475 859 1707 929 (Hermes
1746 862 1823 930 1V‚

138 935 268 1006 141)
309 938 470 988 addita
510 938 566 987 ad
609 939 756 987 finem
796 938 1066 987 Muscionis
1098 953 1230 987 nunc
1264 939 1580 1006 comportavi.
1643 937 1822 1002 duplex

133 1016 285 1079 igitur
326 1012 522 1062 extabat
581 1012 755 1061 Sorani
795 1014 1144 1077 gynaeciorum
1184 1014 1345 1060 versio
1387 1011 1556 1077 latina,
1613 1026 1822 1075 quarum

134 1087 287 1136 altera
326 1088 490 1153 periit,
529 1085 733 1135 alterius
772 1101 861 1151 per
901 1085 1086 1135 medias
1126 1093 1311 1135 aetates
1343 1085 1402 1134 ad
1436 1100 1526 1133 nos
1558 1091 1824 1149 propagata

133 1168 209 1210 est
255 1162 506 1209 memoria.
606 1175 719 1209 nam
758 1159 1063 1210 Muscionem
1112 1166 1348 1209 tractasse
1396 1159 1627 1208 videntur
1678 1160 1825 1207 etiam

131 1235 310 1283 medici
369 1233 662 1283 Salernitani
722 1223 1018 1299 quibusque*
1050 1235 1102 1282 in
1151 1233 1278 1283 Celsi
1327 1232 1495 1282 codice
1537 1232 1823 1281 Florentino

136 1307 318 1358 saeculi
375 1306 442 1356 XI
497 1309 582 1372 qui
636 1306 942 1356 Muscionem
1006 1309 1226 1356 continet
1287 1308 1635 1371 gynaeciorum
1696 1320 1822 1370 opus

133 1381 263 1431 aliud
320 1381 529 1430 debetur
592 1396 678 1430 sex
718 1381 858 1430 libris
907 1380 1164 1430 barbarice
1209 1374 1615 1446 compilatumffl)
1714 1378 1818 1428 Mu-

137 1457 355 1505 scionem
396 1454 573 1504 deinde
615 1454 810 1504 saeculo
851 1454 964 1502 XIII
997 1450 1218 1520 (praeter
1258 1455 1485 1503 codicum
1518 1447 1822 1520 excerptass)

136 1531 269 1578 inter
310 1536 538 1578 auctores
579 1528 758 1592 quibus
806 1544 927 1578 usus
968 1528 1118 1578 fuerit
1157 1534 1367 1578 testatur
1416 1527 1586 1576 Simon
1619 1527 1826 1575 Ianuen-

136 1597 303 1668 sis¹²)‚
365 1608 576 1651 testatur
633 1601 829 1651 saeculo
882 1601 966 1650 XV
1022 1617 1147 1666 quae
1200 1604 1363 1667 ipsum
1414 1601 1551 1650 illum
1606 1601 1827 1649 codicem

137 1675 479 1724 Florentinum
535 1675 798 1724 Francisco
846 1675 1054 1725 Philelfo
1105 1677 1262 1725 visum
1311 1675 1492 1740 expilat
1539 1674 1716 1723 Sorani
1766 1673 1827 1723 ad

136 1749 444 1814 Cleopatram
497 1749 610 1798 ficta
658 1749 865 1814 epistola
910 1766 1001 1815 „ex
1040 1749 1335 1799 bibliotheca
1376 1742 1717 1815 Goldasti“13)‚
1757 1755 1826 1796 te-

94 1887 98 1889 >
141 1830 300 1873 statur
341 1823 513 1872 eodem
554 1823 749 1872 saeculo
785 1822 1042 1888 SIgmundi
1073 1823 1214 1873 ducis
1246 1823 1475 1872 Bavariae
1512 1815 1828 1888 1460—67)

139 1897 363 1946 medicus
411 1896 652 1946 Iohannes
692 1896 913 1946 Hartlieb
960 1899 1011 1945 in
1058 1899 1407 1962 gynaeciorum
1453 1903 1666 1946 tractatu
1720 1910 1827 1959 ger-

139 1972 333 2020 manico
389 1985 536 2035 quem
590 1972 727 2020 misit
780 1971 840 2020 ad
889 1970 1199 2020 Fridericum
1254 1970 1329 2020 IlI.
1382 1964 1825 2036 imperatorem.¹‘²)

138 2045 218 2094 hic
278 2046 409 2093 enim
462 2059 611 2108 quem
662 2044 782 2093 alios
831 2060 1028 2109 quoque
1084 2044 1237 2094 libros
1285 2045 1462 2093 latinos
1509 2045 1561 2093 in
1611 2043 1829 2108 linguam

140 2126 361 2167 nostram
408 2118 721 2167 transtulisse
769 2126 940 2167 notum
982 2125 1078 2184 est,
1126 2118 1386 2168 Mustionis
1427 2133 1479 2167 se
1519 2117 1702 2166 librum
1744 2116 1827 2165 ha·

139 2191 307 2241 huisse
364 2191 618 2240 contendit
670 2194 926 2256 ipsamque
981 2194 1137 2257 tangit
1176 2194 1422 2242 curiosam
1461 2191 1593 2240 illam
1631 2205 1828 2239 novam·

141 2281 236 2330 que
278 2260 427 2332 (quae
470 2265 646 2314 Sorani
670 2272 746 2314 est
781 2281 840 2314 ex
874 2268 1032 2331 capite
1064 2265 1174 2331 περὶ
1206 2262 1489 2331 δυσωπίας)
1523 2264 1828 2314 schematum

141 2341 499 2404 expositionem
546 2338 726 2404 quibus
772 2340 985 2389 infantes
1036 2347 1323 2404 nascantur,
1380 2341 1522 2389 cuius
1569 2338 1827 2387 manifesto

140 2415 313 2462 notitia
353 2412 741 2478 deprehenditur
787 2415 837 2462 in
877 2412 1004 2462 libro
1045 2429 1084 2462 a.
1129 2411 1270 2463 1513
1312 2413 1442 2462 edito
1484 2420 1534 2462 et
1572 2415 1678 2477 ipso
1719 2426 1827 2475 ger-

142 2489 334 2536 manico
389 2488 474 2551 qui
529 2501 643 2534 mox
690 2493 826 2553 „tota
875 2485 1073 2552 Europa
1128 2483 1450 2536 distrahitur“
1503 2488 1662 2551 primo
1720 2491 1830 2549 post

143 2559 447 2609 Muscionem
479 2562 554 2609 rei
593 2559 907 2610 obstetriciae
948 2560 1192 2610 breviario
1225 2559 1457 2610 Eucharii
1496 2558 1692 2608 Rosslin
1731 2573 1830 2606 me-

144 2635 242 2684 dici
281 2633 708 2683 Francosortensis
747 2641 904 2683 aetate
945 2629 1353 2702 subaequalisffi)
1440 2635 1525 2698 qui
1563 2633 1678 2681 licet
1725 2630 1828 2679 Mu·

147 2709 364 2756 scionem
403 2722 674 2772 numquam
713 2710 910 2756 nomine
936 2708 1252 2773 appellaverit
1275 2708 1524 2756 Avicenna
1550 2721 1668 2755 usus
1702 2705 1829 2754 aliis-

147 2796 243 2845 que
284 2797 342 2830 ex
381 2780 524 2844 longa
565 2782 922 2830 consuetudine
955 2784 1211 2847 promptis,
1251 2788 1412 2830 tamen
1446 2782 1635 2845 primus
1661 2778 1829 2842 quales

153 2856 314 2918 ipsum
358 2854 599 2904 Soranum
639 2857 858 2904 imitatus
894 2855 1029 2904 solus
1062 2863 1180 2905 tunc
1204 2855 1391 2904 Muscio
1417 2853 1597 2902 latinus
1621 2850 1831 2901 habebat
