2014 3162
727 142 1129 196 —283—

83 276 141 328 δὲ
171 280 386 344 βαρεῖται
419 278 501 326 δια
534 277 758 337 πλείονος
787 281 974 342 τροφῆς
1005 273 1299 343 παράθεσιν,
1331 274 1413 328 διὰ
1436 282 1523 330 τοῦ
1554 275 1770 329 ἆσᾶσθαι

82 358 166 409 καὶ
203 355 540 425 έρυγάζεσθαι,
578 354 811 418 πολλάκις
842 355 896 408 δὲ
925 357 1009 408 καὶ
1040 357 1279 423 μετέωρον
1312 358 1439 425 ἔχειν
1476 356 1528 410 τὸ
1559 356 1773 426 ὑποχόν-

82 440 242 504 δριον,
280 435 374 488 κᾶκ
404 435 579 490 τούτου
614 436 667 488 δὲ
700 443 882 504 μαθεῖν
912 435 1138 503 πρόσεστι
1166 436 1375 500 ποσάκις
1404 438 1599 490 πέπωκε
1630 438 1768 507 γάλα.

82 516 156 571 ὅτι
194 518 249 570 δὲ
284 520 430 587 ῥιγοῖ,
470 516 552 570 διὰ
583 523 671 570 τοῦ
701 522 1021 570 πυκνοῦσθαι
1053 519 1135 570 καὶ
1152 518 1510 586 συστρέφεσθαι
1539 520 1622 570 καὶ
1654 518 1771 572 ἄπε-

78 604 294 668 ψῦχθαι,
333 599 448 652 ποτὲ
480 599 534 651 δὲ
562 600 646 651 καὶ
675 603 1010 651 πεπελιῶσθαι
1038 597 1096 651 τὰ
1126 598 1290 668 γυμνὰ
1320 601 1404 651 καὶ
1432 597 1517 652 τὸν
1550 596 1687 652 οἷκον
1718 601 1772 652 ἐν
1795 624 1815 657 5

80 674 122 751 ᾧ
151 680 375 749 τρέφεται
413 683 684 747 φαίνεσθαι
721 678 933 747 ψυχρόν.
986 678 1059 732 ὅτι
1098 681 1152 732 δὲ
1181 684 1533 748 καυματίζεται,
1565 678 1648 732 διὰ
1686 686 1773 733 τοῦ

82 761 384 829 θερμοτέρου
423 761 513 828 μὲν
550 758 681 827 ἡμᾶς
719 758 1170 828 ἀντιλαμβάνεσθαι
1206 767 1293 815 τοῦ
1332 760 1499 830 ἆέρος,
1538 762 1773 829 ἐρυθραί-

79 849 259 894 νεσθαι
305 842 359 894 δὲ
402 843 487 894 καὶ
531 846 802 893 πνευστιᾶν
847 840 900 894 τὸ
947 840 1133 908 νήπιον
1187 840 1219 909 ἢ
1275 841 1508 904 πολλάκις
1546 840 1679 906 παρὰ
1717 841 1771 895 τὸ

80 924 198 976 δέον
243 921 547 990 σκεπάσμασι
593 925 995 990 περιβεβλῆσθαι.
1079 921 1152 975 ὅτι
1199 923 1253 975 δὲ
1297 921 1431 990 παρὰ
1468 921 1521 975 τὸ
1562 921 1773 990 σκληρὸν

79 1000 208 1057 εἶναι
251 1001 306 1056 τὸ
349 1002 598 1071 σκύβαλον
642 1003 726 1055 καὶ
765 1001 1189 1070 δυσδιαχιόρητον,
1236 1005 1290 1056 ἐκ
1326 1010 1414 1057 τοῦ
1454 1002 1569 1070 μετὰ
1609 1002 1771 1056 διατά-
1795 1029 1836 1060 10

83 1102 208 1148 σεως
257 1086 340 1138 καὶ
394 1091 637 1153 συνολκῆς
689 1089 776 1137 τοῦ
839 1082 1059 1152 σώματος
1111 1088 1297 1138 κλαίειν
1357 1086 1510 1138 ἔνεστι
1569 1091 1769 1154 γνῶναι.

77 1164 152 1220 ὅτι
191 1165 246 1218 δὲ
285 1164 369 1218 διὰ
408 1166 762 1234 δυσαρέστησιν
799 1166 883 1217 καὶ
924 1162 1289 1233 ὅποιανδήποτε
1328 1164 1502 1231 νόσον,
1554 1164 1635 1218 διὰ
1685 1171 1771 1218 τοῦ

78 1247 385 1317 συνάγεσθαι
422 1254 524 1310 τοῖς
561 1252 886 1315 χαρακτῆρσιν
922 1247 1006 1297 καὶ
1044 1243 1442 1315 ἀποστρέφεσθαι
1471 1244 1558 1299 τὸν
1590 1245 1771 1314 μαστὸν

29 1371 33 1374 .
77 1329 162 1381 ἐπὶ
198 1331 412 1401 μηδεμιᾷ
450 1334 549 1381 τῶν
587 1329 863 1396 ἕμπροσθιν
903 1326 1077 1379 αἰτιῶν
1114 1329 1398 1396 εἰρημένων.

191 1408 244 1463 τὸ
288 1411 342 1462 δὲ
379 1416 464 1477 τῆς
494 1415 680 1478 τροφῆς
713 1406 1007 1477 ὀρεγόμενον
1039 1406 1122 1460 διὰ
1152 1414 1238 1462 τοῦ
1271 1406 1484 1476 μηδενὸς
1514 1414 1612 1460 τῶν
1644 1410 1770 1476 εἰρη-
1795 1431 1836 1464 15

78 1492 245 1559 μένων
289 1490 534 1560 παρόντος
578 1489 635 1543 τὰ
682 1493 812 1558 χείλη
860 1489 949 1556 μὲν
996 1487 1240 1554 σαλεύειν,
1293 1488 1346 1542 τὸ
1402 1489 1456 1541 δὲ
1511 1487 1771 1555 στομάτιον

76 1571 314 1642 ἆνοίγειν,
351 1574 436 1624 καὶ
474 1570 678 1640 μάλιστα
718 1574 768 1623 εἴ
798 1592 868 1632 τις
904 1575 970 1642 τῷ
1002 1571 1179 1623 ἑαυτοῦ
1213 1568 1435 1640 δακτύλῳ
1467 1567 1770 1637 παράψαιτο,

80 1652 165 1706 διὰ
209 1659 295 1721 τῆς
342 1651 478 1720 ἁφῆς
516 1656 585 1715 εἰς
621 1650 903 1718 ὑπόμνησιν
942 1649 1078 1719 ἄγων
1115 1656 1200 1718 τῆς
1237 1656 1412 1719 θηλῆς.
1490 1652 1557 1702 ἔτι
1596 1650 1649 1702 δὲ
1688 1647 1771 1701 διὰ

76 1740 167 1788 τοῦ
214 1740 677 1802 προσεπιθεωρῆσαι
727 1730 865 1803 πόσῳ
914 1731 1003 1799 μὲν
1041 1735 1221 1785 εἴωθεν
1259 1730 1518 1800 ἀρκεῖσθαι
1556 1730 1770 1800 γάλακτι,

77 1815 238 1870 πόσον
283 1816 336 1867 δὲ
382 1817 526 1884 ἔλαβε
571 1821 692 1881 νῦν,
738 1815 822 1866 καὶ
870 1817 915 1866 εἰ
959 1814 1038 1866 ἐπὶ
1075 1813 1202 1867 πολὺ
1241 1812 1268 1867 ὁ
1307 1812 1483 1882 μεταξῦ
1521 1814 1771 1883 γεγένηται
1794 1836 1836 1867 20

79 1895 260 1966 χρόνος
297 1897 380 1948 καὶ
415 1893 469 1949 τὸ
508 1893 843 1965 ’ὑποχόνδριον
888 1902 1129 1949 καθεῖται.
1205 1894 1309 1949 τότε
1353 1894 1446 1965 γὰρ
1491 1895 1773 1962 παρέχουσα

84 1983 152 2048 τῷ
199 1978 373 2045 βρέφει
418 1975 505 2030 τὸν
550 1975 733 2044 μαστὸν
770 1974 802 2044 ἡ
843 1981 1083 2046 γαλοῦχος
1129 1979 1197 2039 εἰς
1244 1975 1516 2044 διόρθωσιν
1553 1981 1651 2028 τῶν
1690 1973 1772 2026 διὰ

78 2057 170 2127 τὴν
210 2061 404 2111 ἔνδειαν
441 2064 527 2126 τῆς
565 2063 753 2127 τροφῆς
789 2055 1259 2126 κλαυθμυριζόντων
1289 2055 1350 2110 οὗ
1383 2055 1769 2125 διαμαρτήσεται.

195 2146 317 2193 109.
378 2138 710 2206 φυλάττεσθαι
765 2138 819 2190 δὲ
871 2140 953 2190 καὶ
1008 2137 1124 2206 μετὰ
1177 2137 1230 2192 τὸ
1290 2144 1622 2206 πληρωθῆναι
1684 2141 1770 2188 τοῦ

78 2220 318 2292 γάλακτος
372 2219 562 2283 εὐθέως
616 2218 733 2273 αὐτὸ
788 2227 956 2273 κινεῖν.
1055 2221 1138 2272 καὶ
1186 2218 1280 2288 γὰρ
1333 2222 1386 2272 οἱ
1432 2219 1600 2271 τέλειοι
1654 2213 1769 2284 μετὰ
1794 2239 1836 2272 25

80 2300 273 2371 τροφὴν
318 2300 646 2370 αἰωρούμενοι
691 2300 986 2369 βλάπτονται
1040 2301 1374 2370 φθειρομένης
1427 2305 1513 2367 τῆς
1566 2304 1770 2366 τροφῆς,

78 2390 241 2457 πολλῷ
273 2383 327 2436 δὲ
358 2388 543 2451 μᾶλλον
572 2381 624 2436 τὸ
658 2381 820 2451 ἀκμὴν
849 2381 1032 2451 νήπιον
1065 2381 1148 2435 διά
1185 2402 1234 2434 τε
1263 2379 1353 2449 τὴν
1383 2384 1651 2450 τρυφερίαν
1683 2384 1770 2433 τοῦ

200 2591 227 2630 2
260 2582 576 2658 ᾇυγιάζεσθαι
608 2601 632 2631 c
664 2588 798 2642 (corr.
832 2586 902 2644 E).
1047 2591 1072 2630 3
1106 2583 1158 2630 δε
1192 2600 1282 2631 om.
1315 2599 1339 2629 c
1372 2584 1494 2641 (add.
1527 2585 1597 2642 E).
1744 2588 1769 2627 5

46 2690 49 2691 ι
82 2642 216 2690 οἷκον
248 2644 310 2688 E2
338 2660 384 2702 p.
409 2650 488 2691 48:
536 2641 680 2702 ὄγκον
713 2660 751 2691 c.
905 2651 930 2691 7
953 2641 1107 2716 ἀέρος
1132 2645 1195 2689 D.
1241 2642 1378 2700 δέρος
1410 2658 1447 2688 c.
1603 2648 1654 2687 12
1689 2640 1768 2686 διὰ

83 2705 209 2762 (post
239 2701 310 2760 δε)
341 2718 431 2749 om.
457 2719 480 2749 c
504 2704 628 2760 (add.
654 2705 727 2776 Ε).
820 2709 877 2749 14
909 2701 1145 2762 μὴδὲμιὰν
1176 2704 1280 2760 (sio)
1313 2718 1338 2748 0
1369 2705 1502 2771 (corr.
1527 2701 1589 2746 Ε2
1612 2717 1658 2758 Ρ
1677 2703 1767 2756 48).

146 2768 198 2808 17
232 2764 375 2813 εἴτις
407 2758 579 2808 ἑαυτοῦ
612 2762 844 2809 δάκτυλον
879 2778 902 2808 c
946 2767 1080 2820 (corr.
1109 2762 1178 2819 E).
1314 2768 1367 2807 19
1399 2758 1548 2806 πόσον
1580 2774 1604 2804 c
1637 2762 1769 2816 (corr.

82 2821 153 2892 Ε).
298 2826 356 2866 20
388 2820 451 2866 εἰς
486 2820 555 2866 ἔτι
586 2835 623 2867 0.
775 2828 829 2868 21
864 2821 916 2869 τὸ
951 2838 1040 2868 om.
1074 2837 1111 2868 c.
1272 2824 1495 2866 καθεῖται
1527 2818 1587 2862 Ε2
1618 2833 1662 2875 Ρ.
1687 2822 1762 2862 48:

79 2876 309 2926 κάθειντο
342 2894 380 2925 c.
