2014 3162
790 141 1156 193 —29-

136 278 373 326 manserit
423 276 732 341 coagulatum
786 276 1058 326 exsiccabis
1113 283 1162 326 et
1215 277 1322 327 lana
1378 286 1506 328 torta
1566 287 1662 330 aut'
1703 280 1815 330 licio

138 349 326 415 ligabis,
365 366 427 399 ne
468 350 789 415 subsequenti
831 351 967 400 fluxu
1008 352 1261 415 sanguinis
1299 353 1460 401 infans
1492 354 1815 417 periclitetur.

130 422 221 471 sed
263 423 432 474 eadem
471 424 592 473 hora
632 439 727 488 qua
762 432 907 474 natus
940 431 1038 490 est,
1070 439 1131 473 ex
1163 431 1372 489 utraque
1413 433 1552 490 parte
1593 426 1816 491 ligandus

128 503 208 545 est
261 505 311 547 et
356 499 427 547 sic
473 499 526 546 in
571 497 734 547 medio
781 498 1164 564 praecidendUS,
1219 514 1280 547 ne
1330 501 1475 548 etiam
1523 515 1648 563 quae
1688 503 1818 565 parit

130 569 318 621 fluxum
357 573 610 638 sanguinis
651 573 904 621 sustineat.
1839 585 1860 617 5

244 643 327 695 79.
383 644 574 704 Quibus
614 645 766 695 rebus
804 646 1004 695 infantis
1045 646 1358 710 superficiem
1396 646 1547 695 lavari
1585 644 1816 712 oportet?
1842 651 1935 708 (27)

242 721 431 784 antiqui
484 734 602 768 vero
656 721 769 768 vino
825 735 937 769 cum
993 735 1118 784 aqua
1174 719 1300 768 salsa
1348 735 1431 769 eos
1480 720 1817 787 obvolvebant,

130 793 212 842 alii
257 792 376 842 lotio
422 792 626 859 puerili,
672 792 753 842 alii
797 793 1001 857 pulvere
1048 792 1286 858 gallarum
1336 794 1411 843 vel
1451 801 1642 843 murtae
1683 810 1816 859 spar-

131 866 325 932 gebant.
401 882 492 915 nos
532 873 697 916 autem
737 866 999 932 diligenter
1039 867 1138 916 sale
1170 869 1289 916 trito
1323 874 1372 917 et
1411 869 1651 917 afronitro
1683 883 1817 933 spar-

129 942 303 1006 gimus.
358 955 485 989 naur
511 941 790 1005 praedictae
829 956 911 990 res
943 941 1094 990 odore
1127 956 1217 990 suo
1251 957 1335 990 eos
1367 944 1668 1006 percutiunt.
1725 957 1817 991 nec
1843 953 1885 986 10

131 1014 342 1064 multum
389 1014 589 1079 quidem
640 1016 1066 1082 constringantur,
1113 1030 1174 1064 ne
1214 1017 1501 1065 constrictio
1550 1017 1654 1081 ipsa
1693 1015 1817 1064 male

129 1103 215 1139 eos
254 1090 474 1153 accipiat.

243 1160 327 1212 80.
370 1161 626 1220 Quomodo
666 1162 787 1211 haec
827 1163 1004 1212 infanti
1043 1160 1358 1228 spargimus?

242 1235 503 1300 diligenter
551 1235 649 1285 sale
698 1243 748 1285 et
795 1236 1034 1285 afronitro
1081 1239 1198 1285 trito
1251 1238 1541 1301 spargimus,
1620 1237 1662 1285 si
1688 1247 1817 1286 *vero

130 1309 338 1360 multum
379 1309 540 1359 mollis
579 1316 656 1359 est
694 1310 869 1376 infanS,
910 1309 1123 1360 admixto
1164 1311 1307 1359 melle
1340 1310 1417 1359 vel
1449 1310 1555 1359 oleo
1588 1310 1665 1359 vel
1697 1325 1817 1359 suco
1844 1321 1885 1354 15

127 1383 259 1433 faeni
297 1386 462 1449 graeci
500 1385 572 1433 sic
612 1399 726 1433 eum
765 1399 1027 1448 aspergere
1053 1381 1362 1449 (debemus)
1391 1384 1468 1433 vel
1499 1384 1697 1433 inlinire
1729 1399 1819 1448 per

129 1473 274 1506 omne
314 1473 510 1522 corpuS,
549 1459 618 1506 ita
648 1464 704 1507 ut
740 1473 902 1522 neque
935 1459 1011 1507 ori
1042 1473 1203 1522 neque
1243 1458 1401 1507 oculis
1442 1458 1624 1522 aliquid
1664 1458 1818 1507 cadat.

132 1531 309 1580 deinde
358 1546 470 1580 cum
519 1532 734 1580 siccatur
781 1547 985 1596 corpuS,
1035 1547 1159 1596 aqua
1199 1532 1375 1596 frigida
1413 1531 1507 1580 hoc
1546 1533 1709 1596 ipsum
1750 1538 1817 1580 at-

133 1603 272 1654 luere
313 1611 362 1654 et
401 1619 526 1669 aqua
565 1604 720 1653 calida
757 1604 992 1672 relavare,
1032 1605 1197 1670 digitis
1235 1621 1352 1654 vero
1386 1604 1589 1654 naribus
1630 1604 1706 1653 vel
1744 1607 1819 1653 ori

130 1679 349 1727 inmissis
394 1679 556 1727 omnia
586 1693 800 1743 purgare
834 1686 883 1728 et
924 1677 1086 1728 oleum
1120 1679 1276 1728 oculis
1307 1678 1817 1730 infantisinfundere.
1843 1691 1885 1723 20

132 1751 310 1801 deinde
348 1753 551 1801 minimo
605 1751 756 1816 digito
803 1754 855 1801 iu
903 1768 1051 1802 anum
1097 1753 1300 1802 infantis
1346 1754 1497 1802 misso
1536 1755 1818 1802 meconium

131 1825 306 1875 tollere
353 1832 403 1874 et
448 1824 739 1875 umbilicum
796 1826 906 1875 lana
949 1826 1152 1891 ligatum
1199 1828 1251 1875 in
1296 1826 1559 1876 medietate
1607 1842 1695 1875 sua
1740 1842 1817 1875 re-

135 1914 322 1965 ponere
362 1906 412 1948 et
450 1899 650 1949 linteolo
691 1899 799 1949 oleo
838 1902 1049 1950 intincto
1091 1907 1370 1965 contegere.

255 2106 278 2143 1
313 2100 570 2157 quagulatfi
603 2102 666 2146 bl.
790 2107 816 2146 2
850 2102 998 2145 fluxus
1031 2103 1070 2146 b.
1194 2107 1220 2146 3
1254 2116 1344 2157 quo
1377 2103 1417 2146 b.
1539 2101 1735 2158 ligandi]
1768 2101 1820 2145 bl

133 2159 257 2218 (-dus
287 2160 349 2216 h).
470 2164 500 2203 4
530 2159 815 2216 precidendsi
847 2162 948 2206 blh.
1070 2175 1129 2205 ne
1162 2162 1245 2206 bh:
1278 2175 1363 2205 nec
1386 2163 1414 2206 l.
1537 2165 1563 2204 5
1597 2161 1745 2204 fluxus
1778 2161 1817 2205 b.

252 2224 278 2263 6
309 2217 501 2263 infantis
533 2219 620 2276 (ωε
653 2220 715 2263 -ti
746 2221 811 2266 bl.
934 2226 958 2264 7
992 2234 1125 2265 vero:
1158 2222 1222 2265 sic
1254 2221 1353 2264 blh.
1475 2219 1588 2264 vinu
1620 2221 1720 2264 blla.

133 2282 160 2324 8
194 2277 276 2323 alii
305 2291 415 2322 vero
447 2279 514 2322 lh.
635 2278 754 2323 lutio
786 2280 838 2324 bl
870 2279 1060 2336 (lucium
1094 2281 1155 2336 h).
1278 2279 1598 2336 expargebant
1628 2279 1729 2323 blh.

132 2342 159 2381 9
192 2335 454 2394 spargimus
486 2338 533 2382 b:
567 2338 862 2395 expargimus
896 2339 1095 2396 (iterum)
1129 2340 1193 2384 lh.
1319 2343 1373 2382 10
1405 2337 1641 2395 predictas
1675 2338 1775 2383 blh.

131 2397 182 2440 ei}
211 2409 298 2441 nec
329 2397 393 2440 lh.
519 2401 572 2441 11
604 2410 685 2441 ne:
717 2411 829 2442 nam
861 2399 962 2445 blh.
1087 2403 1140 2441 12
1175 2397 1379 2454 accipiat
1403 2399 1451 2441 b:
1484 2397 1723 2453 accipiunt
1755 2397 1818 2440 lh.

139 2460 196 2499 14
228 2454 446 2512 diligenti
477 2456 516 2500 b.
655 2457 952 2514 expargimus
986 2458 1011 2502 b
1044 2457 1327 2514 (spargimur
1356 2458 1423 2501 sic
1453 2458 1490 2512 l,
1530 2456 1819 2513 aspargimus

130 2515 192 2571 h).
333 2519 387 2558 16
418 2514 658 2572 fenogreci
689 2517 729 2571 b,
762 2515 1000 2574 fenugreci
1030 2518 1072 2560 h.
1195 2516 1262 2560 sic
1294 2530 1400 2560 eum
1431 2516 1479 2560 b:
1513 2515 1638 2560 siccfi
1670 2517 1686 2559 Z
1718 2516 1817 2571 (om.

132 2573 193 2630 h).
316 2586 565 2630 aspergere
598 2575 662 2619 bl.
788 2580 842 2620 17
876 2576 1022 2620 oculis
1055 2576 1141 2632 (h):
1174 2576 1262 2620 -los
1294 2576 1336 2632 b,
1369 2574 1427 2618 -li
1452 2575 1478 2619 l.
1603 2574 1740 2618 cadat
1772 2574 1818 2617 b:

41 2663 43 2665 >
137 2646 194 2677 ex
225 2633 290 2677 eis
323 2633 493 2677 cadant
523 2634 551 2676 Ζ.
701 2638 754 2678 19
795 2634 1005 2680 relavare
1045 2636 1117 2679 lh:
1170 2637 1247 2679 ore
1281 2635 1380 2691 (sic)
1412 2635 1569 2679 lavare
1602 2634 1641 2678 b.
1762 2636 1819 2676 20

134 2691 411 2747 perfundere
443 2693 471 2736 l.
601 2693 708 2737 inde
741 2694 781 2739 b.
919 2698 974 2738 21
1007 2693 1252 2738 minimum
1285 2694 1372 2751 (-1'1)
1406 2691 1606 2749 digitum
1624 2728 1633 2737 .
1654 2728 1663 2737 .
1684 2727 1693 2737 .
1711 2690 1819 2735 mis-

136 2763 238 2795 sum
269 2751 370 2795 blh.
553 2749 817 2808 μηκώνειον
849 2753 967 2808 (Sor.
1000 2757 1122 2807 122,
1148 2754 1216 2810 4):
1258 2752 1428 2809 egoniu
1460 2753 1508 2807 b,
1541 2751 1758 2808 egonium
1790 2750 1818 2804 l,

141 2809 308 2863 egonifi
340 2810 380 2853 h.
504 2810 618 2854 tolle
651 2812 751 2868 (sic)
786 2813 834 2856 b:
865 2812 1007 2857 tollat
1038 2813 1104 2857 lh.
1227 2817 1283 2855 23
1315 2811 1520 2856 lenteolo
1554 2811 1618 2854 bl.
1746 2807 1817 2851 in-

137 2866 335 2911 tinctum
368 2869 432 2913 bl.
555 2871 803 2928 contegere
836 2872 884 2916 b:
918 2872 1187 2927 contingere
1219 2871 1284 2915 lh.
