2014 3162
893 116 1286 170 -290-

247 247 467 317 ἀρρένων
510 250 618 303 ἔνια
661 247 860 315 θηλυκὰ
907 249 1068 316 βρέφη
1123 249 1206 300 καὶ
1243 247 1525 318 ἰσχυρότερα
1563 250 1645 302 καὶ
1683 250 1930 317 σαρκωδέε,

246 348 399 395 στερα.

358 413 436 463 δεῖ
463 410 518 464 δὲ
541 409 753 479 μηδενὸς
776 409 829 463 τὸ
854 409 1037 478 νήπιον
1060 407 1338 473 ἀποξενοῦν
1362 409 1479 478 μήτε
1507 413 1789 475 οἷνοποσίας
1812 387 1930 478 μήτε

243 489 543 559 ὑδροποσίας
573 490 686 545 πότε
724 493 1138 559 ψυχροποσίαςμ
1104 488 1220 557 μήτε
1257 494 1590 558 θερμοποσίας
1620 490 1736 560 μήτε
1765 490 1927 559 ἆλείμ·

197 594 218 626 5
244 594 406 640 ματος.
481 570 633 625 καλὸν
678 570 772 640 γὰρ
811 569 965 634 εὐθὺς
1011 572 1060 634 ἐξ
1098 568 1251 640 ἀρχῆς
1296 574 1415 636 ἔθος
1452 571 1574 640 πρὸς
1611 571 1669 625 τὰ
1707 571 1929 641 ὠφέλιμα

240 660 426 720 ποιεῖν,
477 659 565 706 τοῦ
612 653 666 705 δὲ
711 651 950 706 τιτθεύειν
995 650 1062 720 μὴ
1107 651 1345 722 πρότερον
1389 651 1692 721 ἀφίστασθαι
1737 655 1856 722 πρὶν
1878 651 1927 722 ἢ

239 733 470 802 γενέσθαι
507 732 598 802 τὴν
636 732 1015 801 ὅδοντοφύησιν.
1077 736 1121 786 εἰ
1159 734 1213 786 δὲ
1250 733 1489 804 κάτογκον
1527 738 1602 803 εἴη
1639 740 1705 807 τῷ
1745 734 1927 802 στόματι

238 813 290 868 τὸ
321 813 507 883 βρέφος
538 816 620 868 καὶ
650 813 925 882 δύσπνουν,
957 814 1119 883 δεήσει
1149 814 1202 869 τὸ
1241 821 1436 884 πλῆθος
1472 822 1558 883 τῆς
1596 814 1775 884 σαρκὸς
1813 833 1926 869 συν-

236 894 396 965 έργειν
420 894 503 949 διὰ
525 901 612 949 τοῦ
637 894 728 963 τὴν
752 896 841 963 μὲν
863 895 1050 965 τροφὸν
1073 894 1409 966 ὀλιγοτρόφοις
1431 898 1513 950 καὶ
1534 895 1697 964 ἥττοσι
1716 903 1924 964 τροφαῖς

173 997 216 1030 10
239 982 454 1044 χρῆσθαι
476 978 560 1029 καὶ
589 974 938 1046 ὑδροποτῆσαι,
968 984 1034 1050 τῷ
1066 978 1120 1032 δὲ
1151 979 1323 1047 βρέφει
1354 976 1419 1045 μὴ
1451 976 1685 1040 πολλάκις
1714 976 1767 1031 τὸ
1797 976 1923 1047 γάλα

235 1058 464 1126 παρέχειν
485 1059 570 1111 καὶ
592 1057 811 1126 κινήσεσι
834 1065 1050 1128 χρῆσθαι
1071 1067 1176 1122 ταῖς
1193 1058 1275 1111 διὰ
1291 1061 1628 1127 χειραμαξίων.
1665 1058 1760 1111 κάν
1776 1058 1924 1125 φύσει

235 1139 290 1191 δὲ
313 1138 468 1207 βορὸν
505 1133 538 1210 ᾖ
567 1137 620 1193 τὸ
651 1138 835 1207 νήπιον
864 1141 947 1192 καὶ
975 1143 1202 1202 πλείονος
1233 1137 1526 1209 ὀρεγόμενον
1563 1144 1751 1206 τροφῆς
1787 1136 1820 1206 ἢ
1859 1133 1921 1207 ἧς

234 1217 440 1272 δύναται
462 1227 670 1288 κρατεῖν,
702 1218 1044 1288 ἄποπερισπᾶν
1073 1218 1165 1288 τὴν
1196 1218 1424 1274 διάνοιαν
1452 1223 1794 1289 ψυχαγωγίαις
1823 1221 1919 1273 τισὶ

231 1301 314 1352 καὶ
351 1304 601 1369 παιγνίαις
639 1301 720 1353 καὶ
758 1299 810 1354 τὸ
844 1299 1085 1370 ψώμισμα
1125 1304 1332 1370 διαιρεῖν
1358 1302 1459 1354 καὶ
1502 1299 1654 1368 ξηρὸν
1697 1299 1918 1370 ἆρτίδιον

165 1401 208 1434 15
230 1380 361 1452 αὐτῷ
393 1381 589 1436 διδόναι
611 1384 693 1435 καὶ
716 1380 769 1436 τὸ
794 1381 920 1453 γάλα
942 1390 1104 1436 ποιεῖν
1127 1380 1590 1452 ὀλιγοτροφώτερον,
1627 1380 1916 1436 τοῦναντίον

230 1462 360 1516 δὲτὸ
392 1466 618 1528 πλείονος
647 1469 836 1532 τροφῆς
865 1471 1059 1532 κρατεῖν
1091 1461 1373 1531 δυνάμενον
1408 1461 1586 1530 ἥττονα
1625 1462 1678 1515 δὲ
1717 1463 1916 1532 στέργον

226 1548 285 1612 τῇ
330 1547 547 1615 ποικιλίᾳ
594 1543 835 1607 δελεάζειν
880 1549 981 1597 τῶν
1029 1544 1457 1612 προσφερομένων.
1534 1550 1664 1596 κινεῖ
1695 1541 1789 1612 γὰρ
1826 1542 1917 1611 τὴν

227 1622 387 1691 ὄρεξιν
424 1622 456 1692 ἡ
489 1624 718 1693 καινότης
755 1630 853 1678 τῶν
890 1626 1280 1692 παρατεθέντων.

337 1707 382 1758 εἰ
425 1705 494 1758 δὲ·
525 1704 948 1775 ἆπογαλακτισθὲν
994 1705 1126 1778 νόσῳ
1175 1706 1449 1775 περιπέσοι,
1496 1703 1645 1757 πάλιν
1683 1703 1801 1759 αὐτὸ
1841 1707 1923 1758 δεῖ

159 1806 206 1839 20
230 1783 451 1855 μετάγειν
496 1787 577 1838 ε’πὶ
621 1786 675 1840 τὸ
725 1785 873 1857 γάλα,
926 1788 1007 1839 καὶ
1058 1785 1174 1855 μετὰ
1218 1786 1271 1840 τὸ
1309 1785 1599 1839 παύσασθαι
1634 1784 1725 1854 τὴν
1763 1784 1916 1840 νόσον

224 1867 305 1917 καὶ
344 1864 612 1935 ἀναλαβεῖν
649 1865 702 1921 τὸ
742 1865 1004 1935 σωμάτιον,
1045 1867 1201 1931 οὕτως
1240 1866 1654 1938 ἆπογαλακτίζειν.

666 2032 808 2080 XLII
847 2031 997 2099 Περὶ
1037 2015 1456 2097 ὄδοντοφυῖας.

335 2150 453 2199 118.
494 2147 619 2214 Περὶ
660 2146 712 2199 δὲ
749 2145 834 2199 τὸν
866 2148 1080 2215 ἕβδομον
1110 2153 1243 2215 μῆνα
1271 2148 1563 2217 γνγνομένης
1592 2152 1677 2215 τῆς
1708 2145 1904 2201 ὀδοντο-

220 2229 389 2303 φυίας,
426 2223 516 2293 ὑφ’
559 2220 619 2295 ῆς
658 2229 928 2296 φλεγμοναὶ
956 2231 1205 2298 γίγνονται
1235 2234 1333 2281 τῶν
1365 2227 1526 2282 οὔλων
1549 2230 1633 2281 καὶ
1656 2218 1927 2298 σιαγόνωνἱ

153 2328 195 2362 25
218 2326 265 2358 τε
314 2308 396 2359 καὶ
448 2306 711 2375 τενόντων,
759 2310 1039 2378 ἔμπροσθεν
1084 2310 1174 2376 μὲν
1216 2315 1543 2378 προφυλακῆς
1591 2308 1735 2378 χάριν
1785 2308 1901 2363 οὐδὲ

334 2441 362 2479 4
394 2433 507 2503 μήτε
540 2433 828 2495 υδροποσίας
851 2465 906 2471 -
930 2441 1251 2497 θερμοποσίας
1280 2441 1389 2510 post
1418 2435 1564 2483 καλὸν
1595 2455 1687 2496 γαρ
1719 2440 1768 2484 et
1790 2442 1902 2484 ante

215 2490 366 2545 εὐθὺς
395 2495 592 2541 inseruit
624 2511 647 2542 ο
681 2498 813 2553 (corr
846 2498 917 2555 Ε).
1099 2502 1125 2543 5
1164 2495 1419 2543 τιτθεύειν
1436 2497 1511 2555 (cf.
1545 2498 1698 2543 Herw.
1732 2511 1792 2556 ap
1795 2497 1905 2543 ,Ε2

213 2569 260 2612 p
293 2555 390 2610 49).
423 2556 495 2606 δίς
524 2551 658 2600 λύειν
690 2556 793 2613 (sic)
827 2571 863 2602 c.
1018 2561 1043 2601 ’1
1075 2552 1393 2613 ὀδοντόφυσιν
1423 2570 1448 2601 ο
1479 2557 1611 2612 (corr.
1645 2557 1718 2630 D).
1874 2560 1902 2602 8

214 2617 454 2670 συνεργεῖν
488 2627 525 2657 c.
665 2620 718 2659 11
751 2615 1058 2687 χειραμεξιῶν
1090 2630 1115 2661 c
1138 2617 1280 2689 (cort.
1312 2616 1388 2687 D).
1511 2619 1564 2658 12
1597 2610 1626 2671 ἢ
1659 2633 1716 2672 ης
1746 2615 1813 2660 D:
1845 2609 1903 2672 ἧς

213 2686 251 2717 ο.
397 2676 451 2716 16
482 2669 534 2716 τὸ
568 2686 657 2717 om
691 2687 729 2719 c.
784 2709 788 2712 ,
880 2690 1073 2730 ηττονος
1103 2672 1157 2719 δὲ
1191 2670 1500 2745 στεργόμενον
1532 2688 1556 2718 c
1591 2676 1723 2731 (corr.
1757 2673 1821 2718 Ε2
1851 2690 1899 2732 p.

210 2733 327 2788 49)¹
424 2735 478 2775 18
509 2727 705 2787 κενότης
737 2745 762 2775 c
792 2735 925 2788 (corr.
953 2733 1025 2789 E).
1146 2738 1203 2778 22
1236 2730 1644 2789 ὄδοντοφυιάσεως
1675 2747 1699 2778 c
1750 2733 1818 2778 sio
1850 2736 1899 2778 et

209 2789 259 2836 in
289 2790 382 2836 ind.
415 2792 581 2849 capp).
734 2796 791 2836 25
822 2793 932 2850 post
961 2789 1195 2837 τενόντων
1227 2792 1396 2838 desunt.
1427 2791 1656 2848 quaedam
1690 2794 1764 2849 (ο.
1801 2791 1901 2839 Sor.

209 2849 470 2905 lat.1,133
505 2863 609 2894 cnm
640 2842 742 2895 Aet.
777 2855 819 2907 4,
845 2852 905 2908 9).
1030 2847 1172 2895 οὐδὲν
1206 2865 1242 2896 c.
