2014 3162
270 806 387 856 Post
426 806 781 871 praefationem
823 821 971 870 supra
1008 808 1243 871 scriptam
1285 820 1397 854 cum
1430 805 1633 854 Romam
1668 805 1845 855 Sorani

159 895 306 930 causa
369 895 446 928 me
511 879 831 929 contulissem
891 874 1112 946 (praeter
1177 879 1281 928 cod.
1345 878 1494 928 Vatic.
1558 877 1700 929 6337
1765 880 1846 929 fol.

160 955 276 1005 min.
318 953 471 1003 chart.
514 969 549 1003 s,
592 952 699 1001 XVI
732 955 817 1018 qui
857 953 887 1002 f.
921 951 993 1003 40
1033 969 1138 1019 sqq.
1178 955 1309 1003 inter
1343 953 1620 1018 apographa
1653 969 1711 1002 ex
1741 953 1846 1002 cod.

161 1027 306 1078 Laur.
351 1025 434 1093 73,
477 1025 504 1076 1
548 1028 674 1077 facta
699 1027 1004 1077 Muscionem
1045 1030 1191 1077 etiam
1232 1029 1453 1076 continet
1486 1028 1515 1076 f,
1549 1021 1848 1094 94—136)‚

160 1103 211 1151 in
252 1101 421 1151 codice
461 1100 679 1151 Palatino
719 1101 797 1151 lat.
844 1099 986 1151 1304
1025 1117 1084 1151 ex
1125 1101 1292 1151 multis
1326 1100 1680 1165 Heidelbergae
1721 1116 1848 1149 anno

165 1172 305 1226 1553
354 1174 577 1239 maleque
626 1182 878 1240 compacto
941 1178 1139 1241 repperi
1188 1170 1298 1243 (14.
1361 1175 1477 1224 NoV.
1530 1169 1695 1242 1881)
1745 1174 1847 1224 Mu-

162 1251 343 1298 scionis
383 1244 439 1316 (f.
467 1245 714 1313 81J90÷
735 1243 920 1317 68s79)
962 1249 1211 1315 exemplar
1252 1264 1311 1297 ex
1342 1251 1449 1314 ipso
1484 1255 1622 1298 textu
1656 1248 1849 1313 qualem

161 1322 366 1389 praebet
419 1322 544 1372 liber
596 1322 877 1372 Hafniensis
925 1324 1079 1373 nitide
1129 1325 1282 1387 magis
1330 1338 1476 1387 quam
1524 1324 1718 1372 curiose
1769 1337 1849 1370 ex-

164 1399 405 1461 scriptum
454 1412 579 1446 saec.
628 1396 752 1446 XIII.
799 1399 851 1446 in
899 1413 997 1462 quo
1046 1403 1177 1446 extat
1222 1398 1558 1462 pessariorum
1606 1395 1850 1461 appendix

166 1465 370 1537 (omissa
418 1470 615 1534 quidem
657 1478 768 1535 post
805 1467 1024 1536 „solvet“
1062 1470 1426 1534 subscriptione
1468 1469 1738 1534 alienisque
1778 1471 1850 1518 in-

164 1559 316 1609 super
357 1544 416 1592 ad
449 1545 597 1592 finem
639 1544 816 1593 additis
842 1545 871 1593 f.
900 1542 1156 1610 77—79),
1197 1550 1365 1593 extant
1399 1543 1492 1592 hoc
1524 1559 1623 1593 uno
1656 1551 1854 1608 praeter

167 1617 485 1667 Hafniensem
537 1617 785 1667 schemata
824 1634 914 1683 per
955 1617 1076 1667 duas
1114 1620 1319 1683 paginae
1359 1617 1439 1666 hic
1478 1619 1529 1666 in
1567 1632 1714 1666 usum
1753 1618 1853 1681 pic-

170 1693 292 1741 toris
342 1690 523 1740 divisae
572 1691 826 1740 columnas
866 1707 979 1741 cum
1018 1699 1157 1741 textu
1198 1692 1444 1756 descripta
1484 1686 1616 1758 (le
1657 1690 1855 1755 quidem

172 1780 397 1831 numero,
437 1781 535 1814 non
561 1764 659 1831 XV,
700 1781 811 1814 cum
846 1765 1044 1814 ultimae
1085 1766 1269 1831 figurae
1309 1771 1473 1815 textus
1502 1780 1591 1829 per
1615 1760 1857 1829 integram

175 1841 398 1904 pagiuam
441 1840 658 1904 scriptus
698 1841 748 1887 in
781 1839 878 1888 duo
913 1855 971 1888 ex
1004 1839 1204 1889 dimidio
1239 1854 1436 1904 quoque
1468 1853 1615 1887 versu
1649 1837 1858 1887 frustula

177 1914 447 1978 composita
486 1915 610 1962 mire
651 1914 931 1978 discerptus
963 1910 1065 1981 sit),
1106 1922 1276 1962 contra
1309 1913 1488 1962 desunt
1519 1918 1632 1977 post
1662 1913 1858 1960 initium

166 1986 283 2035 libri
327 1986 533 2035 secundi
572 1986 782 2052 capitula
823 1987 1061 2051 quaedam
1101 1989 1291 2051 integra
1332 2003 1357 2035 a
1399 1988 1640 2050 scriptore
1676 1987 1858 2034 omissa

175 2056 240 2128 (ll
290 2067 338 2108 et
370 2059 436 2108 III
483 2076 597 2109 cum
637 2060 836 2110 dimidia
875 2068 1015 2125 parte
1061 2063 1209 2126 primi
1243 2084 1311 2100 =
1344 2060 1485 2109 Hafn.
1538 2061 1568 2108 f.
1613 2055 1714 2109 10¹>
1752 2074 1858 2123 sup.

167 2149 326 2199 usque
352 2134 410 2182 ad
440 2131 539 2182 12³
557 2141 680 2200 sup„
698 2150 822 2199 quae
847 2133 996 2184 habet
1020 2134 1164 2184 Wolf.
1189 2151 1235 2199 p.
1256 2132 1324 2184 89
1342 2128 1487 2201 sqq).
1510 2133 1663 2182 Roma
1681 2133 1857 2182 deinde

170 2223 403 2257 reversus
451 2207 736 2277 Rerolinum
786 2208 878 2257 sub
925 2211 1032 2273 ipso
1080 2210 1196 2257 anni
1251 2209 1464 2256 termino
1507 2223 1566 2256 ex
1606 2206 1858 2256 Cantabri-

171 2283 329 2346 giensi
370 2281 562 2352 collegii
597 2281 643 2331 S.
678 2281 874 2331 Ioannis
914 2281 1213 2331 bibliotheca
1237 2282 1295 2330 ad
1321 2288 1541 2331 nostram
1573 2296 1681 2330 mea
1714 2295 1860 2330 causa

170 2354 463 2404 translatum
542 2358 710 2420 accepi
776 2355 985 2404 alterum
1053 2358 1200 2405 etiam
1270 2354 1539 2404 Muscionis
1609 2354 1859 2418 exemplar

171 2424 321 2496 (sign.
370 2428 424 2477 D.
466 2432 499 2477 4
539 2429 633 2479 vid.
674 2428 735 2478 Μ.
778 2428 957 2495 (low-ie,
998 2429 1259 2494 Catalogue
1300 2428 1354 2477 of
1388 2429 1471 2478 the
1512 2444 1631 2478 mss,
1678 2430 1729 2477 in
1776 2427 1858 2476 the

173 2502 356 2567 library
398 2502 466 2552 St.
499 2502 668 2553 John’s
703 2503 902 2569 college,
937 2502 1240 2568 Cambridge.
1276 2501 1468 2551 Cambr.
1504 2500 1646 2552 1842
1679 2518 1724 2566 p.
1751 2496 1861 2566 32),

176 2576 307 2641 quod
341 2577 570 2640 equidem
611 2593 709 2626 non
745 2592 869 2626 saec.
905 2575 963 2641 X,
1003 2579 1132 2626 sicut
1164 2577 1279 2625 olim
1310 2578 1394 2640 qui
1426 2578 1616 2640 primus
1647 2576 1862 2639 inspexit

174 2650 419 2698 nuntiavit
444 2645 850 2718 Darembergius)
876 2649 1080 2700 Oribase
1113 2658 1144 2699 t.
1172 2650 1192 2698 Ι
1217 2666 1262 2714 p.
1289 2648 1433 2698 XXV.
1467 2649 1526 2698 cf.
1554 2651 1612 2697 ei.
1637 2648 1749 2697 hist.
1776 2647 1862 2696 des

179 2738 245 2772 sc.
294 2723 419 2772 med.
470 2730 501 2772 t.
542 2723 563 2771 I
610 2724 718 2774 Par.
763 2722 905 2774 1870
944 2740 989 2789 p.
1035 2718 1162 2790 179)
1202 2724 1289 2772 sed
1330 2722 1440 2770 XIII
1493 2724 1614 2772 item
1668 2720 1862 2771 saeculo

181 2796 241 2845 ab
290 2796 483 2845 erudito
526 2799 767 2863 scriptore
811 2792 915 2864 (cui
952 2805 1006 2847 ut
1043 2797 1138 2846 hoc
1177 2804 1289 2846 utar
1325 2791 1631 2862 „obstetrix“
1669 2809 1864 2857 semper

185 2876 261 2919 est
315 2885 439 2934 quae
502 2871 706 2936 reliquis
763 2870 992 2920 omnibus
1043 2864 1351 2937 ‚,obsetrix“)
1399 2870 1455 2918 ad
1513 2868 1660 2917 fidem
1707 2881 1862 2931 aeque
