2014 3162
903 97 1266 150 -90—

125 273 218 327 (65)
953 256 1210 329 (XVIIII)

701 361 777 415 De
819 360 1153 429 embryulcia
1192 359 1478 415 mittenda.

353 479 437 531 26.
479 476 613 549 (61.)
672 481 724 530 Si
764 483 850 546 qui
888 481 1022 531 nullo
1066 481 1212 530 modo
1249 481 1474 530 manibus
1507 481 1683 531 adduci
1720 491 1930 547 possunt

242 562 292 605 et
337 561 422 604 aut
467 555 806 619 magnitudine
854 557 1077 619 corporis
1129 557 1207 604 sui
1245 557 1485 604 resistunt
1524 562 1609 604 aut
1647 562 1806 605 morte
1845 564 1930 607 aut

196 641 217 674 5
240 630 432 694 ingenti
471 631 705 678 strictura
738 631 883 678 artati
915 636 1047 695 sunt,
1085 635 1142 678 ut
1172 630 1225 678 in
1249 634 1409 678 totum
1434 628 1574 678 evelli
1599 644 1696 678 non
1721 632 1929 697 possint,

243 703 361 768 quid
401 703 564 752 facere
604 699 834 766 oportet?

353 775 702 841 embryulciam
744 775 993 842 adhibere,
1039 776 1116 825 vel
1156 775 1576 841 embryotomiam.
1655 779 1698 826 si
1730 777 1931 842 quidem

241 851 387 899 etiam
425 865 580 914 pecus
619 855 871 899 mortuum
912 856 1007 915 est,
1060 849 1297 899 debemus
1335 853 1544 899 miserae
1585 849 1781 900 mulieri
1819 867 1928 916 par-

240 925 446 973 turienti
471 922 749 989 subvenire,
775 931 887 972 ante
920 930 1083 978 tamen
1115 923 1344 973 omnibus
1375 924 1641 989 praedictis
1679 925 1931 992 pericuIiS,

174 1010 217 1041 10
241 1000 450 1047 maxime
506 1013 618 1046 cum
684 1004 733 1046 et
784 997 1063 1062 periculosa
1118 1000 1253 1047 iuxta
1315 1013 1423 1047 eam
1486 1005 1811 1063 symptomata
1857 1001 1929 1048 in·

239 1073 513 1120 veniantur.

350 1172 421 1224 26
441 1190 481 1224 a.
523 1173 657 1232 Quae
699 1181 815 1223 sunt
855 1176 986 1223 enim
1026 1173 1305 1238 periculosa
1345 1172 1707 1239 symptomata?

350 1263 475 1312 quae
523 1263 612 1296 nos
660 1254 851 1297 terrere
898 1255 1108 1312 possunt
1155 1255 1210 1298 ut
1248 1247 1524 1312 periculum
1572 1248 1930 1316 praedicamus,

240 1322 284 1371 si
322 1320 486 1371 febres
528 1323 627 1370 sint
666 1323 874 1371 maxime
912 1327 1083 1370 acutae
1116 1323 1489 1387 nervositasque
1523 1324 1682 1372 omnis
1713 1325 1931 1388 patiatur

175 1406 216 1439 15
240 1395 449 1461 talisque
490 1395 655 1444 fervor
695 1394 957 1460 praecedat
995 1402 1052 1444 ut
1091 1402 1140 1444 et
1175 1409 1452 1460 gangraena
1498 1395 1567 1445 ibi
1600 1396 1843 1448 efficiatur
1882 1405 1931 1448 et

239 1469 509 1535 plurimum
557 1468 722 1535 sudet,
769 1469 944 1534 pulsus
993 1472 1138 1518 etiam
1185 1471 1406 1519 minutus
1453 1471 1516 1519 sit
1556 1476 1642 1519 aut
1679 1472 1731 1520 in
1771 1478 1929 1522 totum

239 1558 339 1592 non
379 1550 611 1608 appareat
650 1548 699 1592 et
738 1542 962 1592 deliratio
1004 1542 1352 1607 subsequatur.

352 1643 437 1695 527.
479 1644 735 1703 Quomodo
775 1661 893 1711 ergo
935 1646 1287 1711 embryulciam
1326 1648 1525 1696 mittere
1566 1644 1840 1696 debemus?

352 1721 404 1768 in
453 1719 578 1768 duro
628 1719 816 1769 scilicet
865 1726 1018 1769 strato
1059 1722 1285 1784 supinam
1326 1735 1432 1768 eam
1471 1722 1657 1769 iactans
1698 1735 1822 1785 quae
1863 1720 1927 1770 la-

361 1880 383 1919 1
425 1876 524 1920 sine
554 1876 622 1921 tit.
657 1877 741 1933 bh,
791 1875 1000 1920 CLXIIII
1048 1877 1115 1921 De
1148 1875 1424 1921 embriuleia
1454 1876 1684 1922 mittenda
1716 1877 1745 1922 l.
1897 1882 1923 1922 3

242 1933 385 1990 Sequi
416 1936 463 1979 b:
497 1933 591 1978 Sed
623 1934 705 1991 qui
736 1936 776 1990 l,
808 1934 926 1980 Sunt
956 1937 1038 1993 qui
1068 1937 1108 1979 h.
1231 1940 1260 1979 4
1292 1936 1375 1980 aut
1405 1937 1529 1992 (ante
1559 1936 1727 1991 morte)
1760 1947 1844 1981 om.
1877 1937 1928 1981 bl

240 1994 352 2050 (non
381 1994 441 2050 h).
565 1998 591 2037 5
623 1994 794 2039 intenti
823 1995 865 2038 h.
984 1994 1131 2039 artati
1154 1996 1203 2038 h:
1238 1995 1408 2039 armati
1433 1996 1496 2039 bl.
1618 1994 1667 2038 in
1698 1995 1854 2039 totum
1883 1996 1928 2051 h,

238 2051 288 2096 in
318 2054 419 2097 toto
451 2053 492 2108 b,
524 2066 580 2097 ex
610 2054 718 2096 tutu
750 2054 778 2099 l.
964 2059 988 2097 ’7
1021 2053 1235 2098 adhiberi
1267 2055 1333 2099 bl.
1515 2053 1855 2098 embriotomen
1886 2055 1926 2110 b,

239 2111 409 2156 —somin
427 2112 526 2169 (sic)
544 2112 572 2157 l.
651 2116 677 2156 8
711 2111 854 2157 etiam
887 2114 957 2157 bl:
989 2113 1085 2157 iam
1114 2114 1157 2157 h.
1241 2113 1452 2158 mortuus
1485 2114 1557 2168 bl,
1591 2113 1855 2157 emortuum
1883 2114 1926 2158 h.

329 2172 377 2215 et
408 2170 631 2215 debemus
663 2172 704 2215 h.
829 2176 854 2215 9
888 2172 997 2216 ante
1026 2198 1080 2204 —
1104 2172 1325 2229 periculis
1359 2173 1448 2228 (-os
1481 2173 1524 2229 b)
1559 2173 1631 2217 bl:
1663 2185 1747 2217 om.
1779 2173 1821 2216 h.

239 2229 439 2274 maxime
471 2243 576 2274 cum
609 2230 649 2274 si
681 2232 729 2275 et
759 2230 1021 2287 periculosa
1058 2231 1190 2275 iuxta
1220 2245 1324 2276 eam
1357 2231 1658 2288 simptomata
1686 2231 1926 2276 invenian-

238 2289 327 2334 tur.
391 2303 483 2345 que
530 2290 638 2333 sunt
684 2289 805 2334 enim
854 2290 1119 2347 periculosa
1157 2291 1459 2348 simptomata
1501 2305 1591 2347 que
1630 2303 1716 2334 nos
1754 2292 1926 2336 terrere

238 2350 437 2405 possunt
465 2349 540 2393 ut.
559 2383 598 2393 ..
624 2349 675 2392 h:
706 2348 909 2393 maxime
941 2363 1046 2394 cum
1079 2349 1172 2394 sint
1201 2349 1463 2407 periculosa
1493 2347 1721 2406 (pericula
1744 2350 1777 2405 l)
1812 2350 1924 2394 sint-

241 2421 331 2464 que
362 2420 446 2451 nos
475 2407 510 2450 t.
542 2410 739 2463 possunt
771 2409 902 2454 ut...
937 2410 989 2453 bl
1020 2410 1119 2466 (qui
1147 2422 1314 2454 ‘novam
1343 2409 1558 2453 omittunt
1587 2409 1924 2466 quaestionem).

330 2471 386 2510 10
417 2464 670 2510 sintomata
701 2467 767 2511 bl.
892 2472 945 2512 12
976 2468 1270 2526 predicamus
1301 2469 1351 2511 h:
1385 2467 1607 2524 predici(e
1630 2469 1767 2524 l)mus
1799 2469 1864 2512 bl.

242 2529 297 2568 14
330 2524 444 2568 sint:
478 2538 561 2568 om.
596 2526 622 2568 b
653 2530 695 2570 et
725 2527 825 2581 (ubi
857 2526 907 2570 Si
936 2541 1047 2571 vero
1078 2527 1238 2584 febris)
1272 2528 1301 2580 l,
1333 2526 1495 2571 insunt
1515 2527 1557 2570 h.
1679 2541 1740 2569 m.
1766 2528 1926 2572 acutas

240 2585 280 2639 b,
311 2583 517 2628 maxima
539 2584 587 2627 et
609 2585 746 2627 acuta
771 2586 800 2639 Z,
832 2586 908 2629 vel
931 2586 1130 2631 maxime
1154 2587 1290 2646 acute
1314 2587 1356 2630 h.
1479 2599 1568 2641 que
1602 2586 1726 2641 (ante
1757 2585 1924 2643 omnis)

238 2655 322 2688 om.
356 2644 420 2687 bl.
544 2646 600 2685 15
631 2643 786 2687 fervor
816 2645 866 2687 h:
900 2643 1063 2701 febre(i
1088 2647 1144 2702 l)s
1176 2646 1240 2690 bl.
1377 2645 1426 2689 et
1456 2646 1622 2701 cang(c
1645 2645 1809 2699 lah-ena
1839 2645 1925 2690 bh:

238 2702 466 2759 tangrena
497 2702 525 2744 l.
656 2704 703 2745 et
735 2703 780 2746 be
813 2705 866 2746 ut
897 2704 926 2758 l,
960 2717 1041 2748 om.
1077 2705 1119 2749 h.
1274 2708 1328 2748 17
1362 2703 1583 2748 deliracio
1617 2704 1927 2759 subsequatur

240 2762 341 2816 (om.
374 2762 437 2813 et)
469 2761 516 2804 h:
549 2773 630 2804 om.
666 2761 729 2804 bl.
856 2766 909 2806 18
942 2762 1130 2807 mittere
1162 2763 1381 2807 debemus
1412 2763 1485 2807 bl:
1524 2761 1676 2806 facere
1709 2762 1849 2807 debes
1881 2763 1955 2807 1ιῇ

329 2824 384 2864 19
415 2820 470 2864 In
500 2818 793 2875 aliquantum
826 2819 941 2865 duro
974 2822 1075 2877 (om.
1109 2821 1306 2879 scilicet)
1336 2823 1377 2866 h.
1499 2821 1728 2866 iactantes
1759 2822 1862 2866 blh.
