2014 3162
733 138 796 145 -
877 107 1132 162 303—

88 239 276 310 φόροις.
352 238 476 294 ὅθεν
513 241 596 294 καὶ
634 238 732 296 ὑπὸ
770 239 860 308 τὴν
897 238 1053 308 αὐτὴν
1089 238 1212 294 κατὰ
1248 242 1390 310 γένος
1426 241 1591 311 ἄγεται
1619 250 1766 312 θερα-

86 324 255 388 πείαν,
303 319 422 391 ὅπερ
467 320 764 389 πλατύτερον
811 320 893 375 διὰ
938 327 1036 375 τῶν
1082 323 1194 390 ἑξῆς
1239 323 1600 391 ῥηθησομένων
1637 325 1769 377 ἔσται

85 407 397 471 κατανοῆσαι.

532 626 557 675 Ι
596 623 745 693 Περὶ
784 623 1002 692 ἐποχῆς
1040 600 1320 692 ἐμμήνων

331 713 415 765 καὶ
452 718 691 782 στραγγῆς
728 713 811 764 καὶ
849 710 964 780 μετὰ
1002 710 1164 766 πόνου
1202 712 1491 781 καθάρσεως
1811 736 1833 768 5

193 835 239 882 6.
313 836 424 883 Τῶν
469 828 796 900 ὑπαγομένων
842 832 1002 899 διαίτῃ
1047 835 1231 883 παθῶν
1276 832 1387 898 περὶ
1423 850 1618 899 πρωτης
1658 835 1764 884 δια-

76 911 391 980 λαμβάνομεν
427 913 608 989 ἐποχῆς
631 909 879 979 ἐμμήνων,
917 912 1022 964 ἐπεὶ
1051 911 1135 963 καὶ
1164 930 1359 980 πρωτον
1389 913 1534 980 ἔργον
1562 909 1765 980 ὑστέρας

75 989 108 1059 ἦ
153 990 409 1062 κάθαρσις.
487 987 710 1060 διαφέρει
766 991 821 1044 δὲ
874 997 959 1059 τῆς
1005 992 1185 1059 ἐποχῆς
1230 988 1262 1059 ἡ
1311 990 1426 1059 μετὰ
1472 992 1633 1046 πόνου
1681 995 1763 1046 καὶ

77 1071 284 1143 στραγγὴ
315 1071 578 1141 κάθαρσις,
617 1070 683 1135 ὧς
712 1094 796 1125 και
825 1078 911 1141 τῆς
940 1075 1192 1141 ἰσχουρίας
1221 1070 1254 1141 ἡ
1287 1077 1623 1144 στραγγουρία.
1680 1076 1764 1127 καὶ

74 1152 312 1222 παντελὴς
359 1154 448 1222 μὲν
498 1148 591 1208 οὖν
629 1152 840 1215 κωλυσίς
876 1153 974 1205 ἐστι
1010 1158 1099 1206 τοῦ
1138 1151 1222 1206 διὰ
1261 1152 1446 1224 μήτρας
1484 1156 1761 1224 φερομένου
1787 1178 1830 1209 10

73 1233 194 1287 κατὰ
241 1234 396 1302 φύσιν
442 1237 642 1303 αἵματος
686 1232 718 1303 ἡ
758 1233 936 1303 ἐποχή,
986 1234 1387 1304 παρεμποδισμὸς
1425 1236 1478 1289 δὲ
1516 1242 1602 1304 τῆς
1639 1235 1763 1290 ἀπο-

70 1319 276 1384 κρίσεως
305 1314 338 1384 ἡ
378 1315 588 1385 στραγγὴ
627 1314 885 1384 κάθαρσις.

183 1398 346 1466 ἕτερον
385 1398 439 1452 δέ
477 1399 574 1450 ἐστι
611 1398 696 1450 καὶ
731 1395 784 1451 τὸ
825 1395 890 1465 μὴ
926 1400 1259 1466 καθαίρεσθαι
1289 1404 1380 1450 ταῦ
1411 1399 1670 1466 ἐπέχεσθαι
1707 1396 1760 1451 τὸ

71 1479 305 1546 ἔμμηνον.
378 1484 436 1549 τῇ
483 1478 572 1546 μὲν
616 1477 711 1548 γὰρ
756 1480 909 1550 ἐποχῇ
955 1481 1038 1532 καὶ
1084 1477 1138 1532 τὸ
1178 1477 1243 1547 μὴ
1282 1486 1511 1546 παρεῖναι
1548 1477 1639 1546 τὴν
1676 1477 1761 1531 κά-

69 1567 251 1627 θαρσιν
290 1560 590 1629 συμβέβηκε,
635 1565 701 1633 τῷ
748 1560 802 1613 δὲ
847 1559 913 1629 μὴ
962 1563 1294 1628 καθαίρεσθαι
1341 1558 1402 1613 οὗ
1439 1558 1638 1623 πάντως
1674 1561 1759 1612 καὶ
1783 1581 1826 1613 15

69 1639 121 1694 τὸ
168 1641 429 1710 ἐπέχεσθαι
488 1639 541 1693 τὸ
587 1641 831 1708 ἔμμηνον,
885 1638 994 1695 οἷον
1048 1642 1129 1694 ἐπὶ
1173 1644 1458 1709 προηλίκων
1518 1642 1601 1693 καὶ
1645 1662 1760 1709 πρε-

72 1725 318 1790 σβυτίδων
355 1723 438 1775 καὶ
477 1721 639 1775 ἄλλων
675 1727 825 1775 τινῶν
863 1723 1104 1791 ἐμφερῶν.
1144 1721 1329 1775 ἄτοπον
1353 1719 1446 1791 γὰρ
1471 1723 1549 1774 ἐπὶ
1573 1720 1759 1774 τούτων

69 1802 254 1871 ἐποχὴν
290 1804 446 1873 λέγειν
485 1802 734 1872 ἐμμήνων,
774 1801 853 1870 ἐφ’
898 1797 971 1856 ὧν
1009 1802 1127 1857 οὐδὲ
1164 1801 1451 1870 παράκειται
1487 1801 1541 1856 τὸ
1571 1810 1759 1871 καθαρ-

66 1883 365 1951 θησόμενον.
426 1886 658 1938 ἐντεῦθεν
696 1883 1068 1954 ἐπαναβεβηκὸς
1107 1885 1197 1953 μὲν
1234 1883 1286 1938 τὸ
1327 1883 1392 1952 μὴ
1425 1887 1758 1952 καθαίρεσθαι

67 1965 150 2016 καὶ
186 1963 359 2018 κοινὸν
393 1971 479 2018 τοῦ
518 1964 653 2033 παρὰ
692 1963 847 2033 φύσιν
883 1967 966 2018 καὶ
1003 1972 1091 2019 τοῦ
1129 1964 1252 2019 κατὰ
1290 1965 1460 2032 φύσιν,
1510 1963 1757 2034 ὖποβεβη-
1780 1986 1825 2018 20

66 2043 152 2109 κὸς
192 2046 246 2098 δὲ
291 2047 375 2098 καὶ
420 2044 625 2100 πάντοτε
672 2045 808 2114 παρὰ
847 2045 1002 2114 φύσιν
1038 2046 1091 2101 τὸ
1132 2048 1392 2116 ἐπέχεσθαι
1429 2045 1482 2100 τὸ
1521 2049 1755 2115 ἔμμηνον.

182 2133 226 2179 7.
296 2132 394 2180 τῶν
439 2121 533 2180 οὖν
579 2125 644 2195 μὴ
691 2129 1072 2196 καθαιρομένων
1118 2132 1175 2181 αἱ
1216 2129 1306 2196 μὲν
1351 2128 1507 2196 μηδὲν
1557 2130 1755 2196 ἔχουσαι

65 2205 232 2270 πάθος
270 2206 333 2261 οὐ
361 2211 687 2276 καθαίρονται
718 2212 941 2275 φυσικῶς
971 2205 1005 2276 ἢ
1039 2207 1122 2261 διὰ
1151 2207 1243 2276 τὴν
1272 2206 1484 2276 ἡλικίαν,
1522 2206 1752 2276 καθάπερ

65 2291 120 2340 αἰ
151 2291 261 2341 λίαν
298 2290 406 2342 νέαι
443 2291 527 2342 καὶ
563 2288 714 2342 πάλιν
749 2286 1084 2358 πρεσβύτιδες,
1122 2287 1155 2358 ἢ
1194 2292 1251 2342 αῖ
1285 2295 1632 2355 συνειληφυῖαι
1671 2290 1754 2341 καὶ

63 2366 332 2437 ἀνδρώδεις
370 2372 454 2424 καὶ
484 2378 662 2440 στεῖραι
693 2374 953 2438 φωνασκοί
979 2391 1028 2423 τε
1057 2372 1140 2423 καὶ
1163 2373 1500 2440 γυμναστικαί,
1541 2368 1754 2438 μηδενὸς
1777 2389 1821 2423 25

65 2447 140 2502 ἐπ’
189 2449 354 2504 αὐτῶν
392 2454 461 2515 εἰς
505 2450 754 2520 κάθαρσιν
800 2451 1170 2522 περισσεύοντος
1209 2450 1274 2515 ὥς
1313 2453 1753 2519 ἐξαναλισκομένου

98 2633 100 2635 >
181 2615 207 2654 6
240 2599 418 2668 διαίτης
464 2611 520 2656 cf.
553 2611 589 2669 I,
616 2617 654 2658 1.
795 2616 823 2657 8
855 2612 936 2657 καὶ
968 2627 1014 2657 c:
1048 2626 1136 2656 om
1171 2612 1212 2655 d.
1368 2616 1393 2655 9
1425 2611 1507 2656 καὶ
1539 2609 1752 2668 ίσχουρία

63 2669 300 2720 παντελῶς
331 2665 452 2726 (-λὴς
471 2670 543 2740 D)
575 2670 662 2728 μὲν
695 2687 817 2717 ουν.
883 2668 946 2729 ,ἡ
981 2667 1127 2728 ἐποχὴ
1159 2669 1213 2716 δε
1247 2687 1296 2743 '¹⁵3
1327 2687 1364 2715 τ.
1398 2685 1422 2716 c
1456 2672 1590 2727 (corr.
1607 2670 1678 2727 E).

65 2732 117 2771 11
151 2725 510 2799 παραποδισμός
541 2744 566 2774 c
598 2733 729 2787 (corr.
762 2730 838 2787 E).
989 2736 1045 2776 14
1076 2729 1153 2774 καὶ
1189 2745 1235 2774 c:
1268 2726 1346 2775 αεὶ
1376 2730 1429 2776 Ε.
1582 2734 1639 2773 20
1670 2728 1751 2772 καὶ

60 2800 328 2856 καταφυσιν
360 2800 384 2830 c
418 2788 519 2859 (τοῦ
551 2789 656 2836 add.
687 2790 758 2846 E).
903 2786 1021 2847 24ἢ
1055 2788 1124 2834 αἷς
1159 2790 1240 2833 καὶ
1272 2804 1310 2834 c.
1458 2794 1514 2833 25
1553 2788 1632 2832 καὶ
1665 2804 1750 2843 μη-

61 2841 196 2896 δενὸς
227 2859 263 2890 c.
387 2850 443 2891 26
475 2842 537 2898 ὥς
569 2847 727 2893 addidi
762 2847 832 2905 (δε
865 2851 975 2906 post
991 2807 1191 2904 ἐξαναλ.
1224 2848 1296 2897 Ε)
