2014 3162
884 137 1286 188 ——282—

245 268 566 335 κοιμωμένου.
620 268 934 336 θλιβομένων
964 267 1057 337 γὰρ
1088 273 1184 321 τῶν
1215 267 1514 336 μυξωτήρων
1551 271 1635 322 καὶ
1671 268 1931 338 ἆποφρασ-

246 350 457 417 σομένου
496 354 582 403 τοῦ
622 347 854 416 στόματος
892 351 974 401 καὶ
1011 350 1357 418 βαρυνομένου
1395 355 1483 404 τοῦ
1522 350 1776 421 φάρυγγος
1815 350 1923 404 ἐσθ’

246 427 390 483 ὁπότε
419 436 506 484 τοῦ
537 429 771 499 γάλακτος
801 431 947 498 χωρὶς
983 429 1288 498 ἐκμυζῆσεως
1320 431 1626 499 ἐπιρρέοντος
1655 429 1708 484 τὸ
1740 427 1926 500 νήπιον

244 513 477 580 πνίγεται.

196 614 220 647 5
360 598 479 645 108.
517 592 675 655 ἄλλως
706 613 754 644 τε
785 593 868 644 καὶ
899 590 959 645 οὐ
992 591 1074 644 διὰ
1105 591 1157 646 τὸ
1188 596 1373 645 κλαίειν
1403 591 1607 646 πάντοτε
1638 591 1723 646 τὸν
1747 593 1929 661 μαστὸν

245 671 376 745 αὐτῷ
414 674 654 742 παρέχειν.
715 679 911 741 πρῶτον
949 673 1037 740 μὲν
1075 672 1168 743 γὰρ
1207 671 1339 746 αὐτῷ
1379 674 1615 742 συμφέρει
1645 674 1759 727 ποτὲ
1789 677 1872 727 καὶ
1903 673 1930 729 ὁ

243 753 512 821 κλαυθμός.
589 753 863 823 γυμνάσιον
908 752 1002 824 γὰρ
1050 753 1265 821 φυσικὸν
1312 749 1454 818 οὗτος
1492 758 1561 818 εἰς
1598 753 1807 808 τόνωσιν
1843 761 1931 809 τοῦ

243 833 519 902 πνεύματος
564 836 647 887 καὶ
691 841 790 887 τῶν
835 833 1238 888 ἆναπνευστικῶν
1285 833 1536 904 ὀργάνων,
1582 834 1705 904 πρός
1748 857 1797 888 τε
1841 835 1932 904 τὴν

244 914 468 968 διάτασιν
507 917 904 984 διευρυνομένων
940 922 1039 969 τῶν
1075 915 1247 986 πόρων
1284 915 1316 984 ἡ
1357 915 1592 979 ἀνάδοσις
1631 922 1716 983 τῆς
1746 923 1932 985 τροφῆς

180 1022 224 1053 10
249 995 555 1066 εὖχερεστέρα
592 996 1019 1064 παρασκευάζεται.
1088 997 1219 1066 πλὴν
1250 996 1339 1066 οὐχ
1371 999 1463 1060 ἕως
1492 1001 1718 1060 πλείονος
1747 1001 1932 1051 κλαίειν

245 1076 444 1130 ἀνετέον
483 1076 615 1130 αὐτό.
686 1080 767 1130 καὶ
805 1077 899 1147 γὰρ
937 1078 1052 1142 τοὺς
1091 1077 1386 1147 ὀφθαλμοὺς
1423 1077 1589 1132 ἀδικεῖ
1620 1080 1704 1131 καὶ
1740 1084 1824 1148 τῆς
1863 1083 1931 1143 εἰς

242 1156 414 1227 ὅσχεον
453 1160 661 1226 ἐντέρων
698 1159 1091 1228 κατολισθήσεως
1130 1164 1286 1213 αἴτιον
1323 1164 1548 1229 γίγνεται.

354 1235 584 1306 δεύτερον
623 1237 682 1292 οὐ
723 1238 805 1292 διὰ
844 1239 1006 1308 μόνην
1044 1242 1238 1293 ἔνδειαν
1274 1244 1626 1309 κλαυθμυρίζει
1662 1239 1714 1294 τὸ
1747 1241 1932 1342 βρέφος

241 1319 363 1375 ἀλλὰ
408 1321 491 1372 καὶ
538 1318 619 1372 δια
668 1324 866 1390 σφίγξιν
911 1319 943 1389 ἢ
994 1329 1176 1390 θλῖψιν
1224 1328 1387 1385 κακῶς
1441 1323 1852 1391 ἐσχηματισμένον
1897 1320 1929 1390 ἢ

181 1426 223 1459 15
251 1401 334 1455 δια
382 1405 525 1469 δῆξιν
569 1403 679 1470 περὶ
719 1420 964 1470 σωματιον
1010 1402 1138 1476 ζωου
1186 1402 1318 1467 τινὸς
1363 1401 1395 1471 ἢ
1437 1402 1628 1473 νυγμὸν
1666 1401 1697 1471 ἢ
1738 1409 1931 1471 πλῆθος

239 1489 427 1551 τροφῆς
474 1481 805 1551 ἐπιβαρούσης
852 1483 938 1537 τὸν
984 1484 1135 1554 ὄγκον
1180 1483 1211 1552 ἢ
1253 1488 1387 1555 ρῖγος
1424 1483 1457 1552 ἢ
1499 1490 1664 1553 καῦμα
1701 1482 1732 1552 ἢ
1773 1483 1824 1537 τὸ
1865 1482 1928 1552 μῆ

241 1564 492 1618 δύνασθαι
533 1567 833 1633 διαχωρῆσαι
871 1568 1193 1634 σκληροτέρου
1231 1567 1612 1635 παρεγκειμένου
1657 1573 1758 1628 τοῖς
1809 1567 1932 1618 ἐντέ-

239 1668 345 1713 ροις
381 1644 757 1713 περισσεύματος
795 1644 826 1714 ἢ
869 1645 952 1698 διὰ
992 1648 1343 1716 δυσαρέστησιν
1380 1643 1538 1710 ἄλλως
1575 1645 1608 1714 ἢ
1648 1646 1815 1713 νόσον,
1857 1642 1927 1700 ὧν

242 1728 443 1780 ἕκαστον
475 1725 557 1793 ἐφ’
594 1725 712 1780 ὅσον
743 1728 983 1796 ἐνδέχεται
1021 1734 1347 1795 σημειοῦσθαι
1385 1730 1623 1795 πέφυκεν,
1665 1726 1784 1780 ὥστε
1821 1749 1931 1780 κατ-

170 1833 216 1864 20
241 1807 424 1876 ἄλληλα
461 1811 642 1877 πρᾶξαι
680 1816 782 1872 τοῖς
820 1807 1048 1877 ὅχλοῦσιν
1085 1811 1170 1861 καὶ
1208 1808 1268 1863 οὐ
1307 1809 1503 1873 πάντως
1543 1810 1622 1862 ἐπὶ
1658 1807 1710 1862 τὸ
1755 1812 1931 1862 δοῦναι

239 1889 325 1943 τὸν
365 1888 546 1957 μαστὸν
582 1896 648 1962 τῷ
688 1891 860 1958 βρέφει
897 1898 1179 1959 παρελθεῖν.

351 1970 424 2025 ὅτι
449 1972 537 2038 μὲν
561 1966 653 2035 οὖν
691 1975 913 2040 θλίβεται
943 1975 1248 2041 γνωρίσομεν
1277 1978 1355 2045 τῷ.
1377 1971 1596 2043 δακτύλῳ
1629 1970 1719 2039 τὴν
1748 1965 1930 2038 θλῖψιν

236 2059 336 2105 τῶν
387 2051 678 2120 τελαμώνων
736 2051 1191 2122 καταλαμβάνοντες
1251 2055 1334 2106 καὶ
1395 2052 1716 2120 πελιούμενον
1777 2051 1931 2121 ἄκρον

239 2132 425 2196 ἰδόντες
462 2130 494 2201 ἢ
535 2132 600 2201 μὴ
640 2132 762 2186 κατὰ
802 2133 956 2201 φύσιν
995 2136 1416 2203 ἐσχηματισμένον.
1490 2133 1562 2188 ὅτι
1602 2134 1656 2187 δὲ
1695 2132 1922 2187 δάκνεται

170 2212 269 2282 2ῡῆ
318 2213 543 2267 νύσσεται
589 2212 688 2267 ὑπό
733 2237 888 2281 τινος,
938 2214 1018 2268 διὰ
1064 2222 1151 2269 τοῦ
1198 2219 1454 2282 αἰφνίδιον
1499 2213 1772 2284 κραυγάσαι
1813 2213 1930 2282 μήτε

239 2296 685 2364 μετασχηματισθὲν
723 2295 839 2365 μήτε
877 2299 1173 2366 ἐσφιγμένον
1211 2296 1308 2350 ὑπὸ
1348 2302 1445 2350 τῶν
1483 2295 1795 2366 σπαργάνων.
1857 2295 1929 2349 ὅτι

358 2467 384 2506 5
418 2458 553 2514 αλλος
583 2479 632 2507 τε
667 2461 729 2520 μὴ
765 2480 819 2508 ου
854 2461 934 2508 δια
967 2478 1004 2509 c.
1129 2469 1153 2508 7
1188 2463 1324 2515 οὗτος
1355 2463 1414 2508 Ε2
1446 2479 1490 2520 p.
1515 2468 1596 2508 48.
1629 2458 1815 2514 τούτοις
1848 2476 1885 2506 c

238 2526 265 2565 9
298 2519 542 2566 διάστασιν
577 2524 765 2593 0,(0011.
799 2522 868 2580 E).
1046 2528 1100 2567 10
1132 2524 1312 2567 κλαίειν
1343 2523 1403 2566 E:
1436 2519 1556 2578 πλὴν
1589 2521 1796 2579 (1136111111)
1831 2536 1868 2567 0.

241 2585 295 2624 11
330 2577 447 2624 αὐτὸ
481 2581 543 2624 Ε.
576 2576 752 2631 αυτοὺς
784 2596 821 2626 0.
955 2587 1008 2626 13
1045 2580 1236 2627 ἔνδειαν
1267 2581 1327 2625 Εε
1363 2577 1531 2625 εὐδίαν
1563 2595 1601 2626 ο.
1733 2586 1788 2625 15
1820 2579 1929 2638 περὶ

237 2653 473 2709 σωματιον
508 2641 565 2692 ζ.;
599 2637 966 2711 περισσωμάτων
998 2641 1078 2684 καὶ
1111 2643 1146 2694 ζ.
1180 2655 1219 2684 c.
1343 2645 1396 2685 16
1431 2636 1748 2712 ἐπιβαρούσης
1779 2653 1824 2684 c:
1860 2638 1928 2684 ἔτι

242 2694 474 2758 βαρούσης
504 2698 557 2743 Ε.
679 2716 709 2754 η
742 2699 906 2755 καῦμα
939 2700 1002 2754 (v
1034 2698 1172 2756 infra)
1204 2694 1234 2755 ἢ
1267 2695 1319 2743 τὸ
1354 2696 1438 2755 μὴ.
1467 2715 1500 2769 η
1535 2698 1614 2743 καὶ
1646 2696 1698 2742 τὸ
1733 2696 1794 2755 μὴ
1829 2712 1866 2742 e.

241 2763 295 2802 17
329 2754 682 2828 παρακειμένου
715 2771 738 2801 c
771 2759 905 2832 (corr.
938 2758 1007 2813 E).
1173 2762 1227 2802 18
1259 2754 1629 2831 περισσεύματος
1660 2757 1736 2802 hic
1769 2771 1806 2801 e.

238 2813 403 2861 v660v:
435 2830 584 2861 ποσον
618 2830 653 2860 c.
787 2821 840 2860 19
875 2813 1170 2873 ἐνδέχεσθαι.
1204 2831 1308 2886 σημ.
1343 2815 1394 2861 δε
1428 2816 1541 2873 πέφ.
1575 2831 1612 2862 0.
1757 2821 1814 2861 20
1849 2811 1959 2860 ἐπὶ

237 2892 282 2918 τι
314 2874 493 2933 δ.(810)
529 2889 552 2920 c
585 2877 715 2932 (corr.
749 2876 820 2932 D).
943 2880 999 2920 25
1031 2876 1137 2920 τοῦ·
1169 2873 1221 2920 τὸ
1256 2891 1294 2922 c.

1959 2753 1985 2765 ⁴-0

1950 2772 1984 2786 x<
