2014 3162
639 725 715 769 De
754 724 1078 770 Moschione
1118 725 1333 769 edendo

142 814 259 858 haec
289 814 434 870 ipsius
465 813 660 858 Gesneri
682 813 954 858 testimonia
973 814 1190 870 prostant
1211 814 1261 857 in
1286 812 1496 870 epistolis
1522 814 1581 858 ad
1597 816 1661 861 Io.
1687 813 1829 860 Kent-

142 886 363 917 mannum
389 873 699 917 Dresdensem
729 872 961 917 medicum
995 872 1257 928 (physicum
1284 873 1585 931 Torgensem)
1609 887 1738 931 quas,
1771 876 1830 919 ab

144 945 184 977 a.
206 936 319 976 1550
343 946 488 988 usque
507 932 566 976 ad
584 946 624 976 a.
650 936 777 988 1565,
809 933 953 976 habet
977 931 1320 988 „Epistolarum
1343 932 1691 976 medicinalium
1715 931 1830 978 Con-

142 990 247 1035 radi
264 990 472 1047 Gesneri,
502 991 616 1048 phil.
641 993 688 1035 et
709 991 829 1035 med.
848 990 966 1048 Tig.,
982 990 1100 1034 liber
1125 993 1359 1045 quartus.“
1390 990 1672 1049 Vitebergae
1700 997 1827 1037 1584.

142 1050 194 1092 4⁰
226 1050 466 1106 (librorum
496 1049 637 1094 trium
669 1049 768 1107 Tig.
806 1055 918 1094 1577
951 1050 1182 1094 editorum
1214 1049 1619 1107 supplementum).

262 1114 331 1154 29.
366 1109 481 1153 Oct.
517 1113 651 1153 1556:
707 1108 875 1165 „Mitto
923 1109 982 1153 ad
1020 1109 1130 1152 Exc.
1177 1112 1322 1163 tuam,
1370 1108 1638 1154 doctissime
1684 1111 1828 1155 Kent-

143 1181 331 1223 manne,
380 1168 629 1225 epistolam
665 1168 713 1211 in
752 1168 886 1211 tuum
916 1181 1086 1212 nomen
1116 1168 1410 1225 inscriptam,
1458 1168 1739 1213 Moschionis
1771 1170 1828 1214 de

143 1227 446 1271 muliebribus
485 1226 726 1272 affectibus
765 1227 887 1271 libro
927 1227 1104 1272 Graeco
1134 1227 1501 1284 praefigendam,
1545 1226 1586 1271 si
1614 1227 1706 1272 tibi
1736 1242 1830 1273 non

143 1285 455 1343 displicuerit,
502 1287 550 1330 et
594 1287 914 1343 typographus
953 1285 1121 1342 aliquis
1160 1285 1415 1330 admiserit.
1478 1286 1570 1330 Vix
1609 1287 1734 1330 enim
1775 1290 1830 1332 ut

145 1345 319 1389 Graece
351 1344 531 1401 aliquid
562 1346 755 1390 seorsim
787 1345 948 1399 edant,
988 1344 1147 1389 induci
1176 1347 1384 1401 possunt.
1450 1344 1499 1389 Si
1531 1345 1717 1390 omnino
1749 1346 1827 1391 de-

140 1404 354 1459 trectent,
385 1404 621 1448 inveniam
659 1404 828 1447 Latina
860 1404 1019 1459 aliqua
1057 1404 1264 1447 eiusdem
1293 1404 1571 1460 argumenti,
1605 1419 1723 1460 quae
1749 1405 1828 1449 ad—

139 1462 346 1519 iungam.
395 1464 467 1506 Tu
499 1463 539 1506 si
570 1462 682 1519 quid
710 1462 833 1507 forte
856 1463 1016 1518 habes,
1049 1462 1350 1507 communica.
1391 1463 1443 1506 In
1468 1463 1669 1519 epistola
1700 1464 1828 1508 dedi-

142 1520 333 1574 catoria,
356 1535 440 1578 pro
464 1523 547 1566 tuo
571 1521 764 1566 arbitrio
788 1521 1007 1576 mutabis,
1034 1521 1191 1578 addes,
1222 1521 1451 1578 detrahes,
1478 1524 1526 1565 et
1548 1522 1825 1579 tempestive

143 1580 367 1634 remittes,
401 1579 441 1623 si
471 1579 585 1636 quid
614 1580 882 1624 mutaveris.
887 1582 913 1602 “

261 1643 329 1682 17.
369 1637 564 1681 Martii
605 1643 739 1682 1558:
795 1638 1104 1693 ,,Μο6011101116
1145 1639 1398 1683 editionem
1444 1638 1595 1695 primo
1643 1654 1825 1696 quoque

138 1698 348 1797 tempore
378 1697 685 1802 pgomovebo.
726 1673 865 1742 Cuius
902 1698 1297 1755 nuncupationem
1327 1697 1417 1743 tibi
1446 1712 1541 1743 non
1570 1698 1828 1755 improbari

141 1769 202 1799 va
223 1756 279 1799 de
312 1770 404 1812 gau
440 1769 493 1800 eo

259 1819 329 1859 25.
362 1815 493 1872 Aug.
529 1819 664 1860 1558.
701 1815 1013 1870 „Moschionis
1042 1816 1134 1860 tibi
1165 1815 1368 1860 dedicati
1400 1829 1572 1871 curam,
1604 1818 1659 1861 ut
1689 1818 1825 1862 cude-

137 1875 286 1928 retur,
331 1874 558 1918 hactenus
596 1874 770 1919 habere
808 1889 903 1919 non
943 1875 1097 1932 potui,
1137 1875 1357 1919 defuncto
1397 1874 1482 1919 illo
1527 1877 1826 1933 typographo

138 1932 217 1988 qui
256 1933 516 1977 cudendum
553 1934 814 2000 receperat.
862 1936 910 1978 et
948 1948 1025 1979 me
1061 1933 1112 1978 in
1148 1934 1270 1978 libro
1310 1934 1366 1978 de
1403 1933 1608 1990 piscibus
1645 1935 1714 1979 ita
1752 1949 1826 1980 oc-

138 1993 331 2048 cupato,
373 1993 426 2036 ut
470 1992 600 2036 aliud
644 1992 722 2036 vix
764 1993 970 2050 cogitare
1007 1993 1185 2038 liceret.
1257 1992 1488 2050 Deinceps
1526 2007 1635 2038 vero
1674 1994 1826 2051 prima

139 2064 320 2106 quaque
369 2051 608 2096 occasione
655 2052 860 2109 habebo,
908 2054 956 2096 et
991 2052 1125 2097 brevi
1165 2052 1324 2096 forsan
1361 2052 1593 2096 Basileam
1639 2053 1826 2098 descen-

138 2109 266 2164 dam,
312 2110 433 2153 hanc
478 2110 727 2167 praecipue
774 2111 834 2155 ob
873 2125 1074 2156 causam.
1135 2111 1218 2155 ubi
1259 2111 1402 2156 etiam
1443 2111 1686 2155 latinum
1733 2126 1826 2157 ve-

135 2169 226 2211 tus
281 2169 727 2236 manuscriptum
795 2171 1079 2227 exemplar
1129 2170 1430 2215 inventurum
1490 2184 1565 2214 me
1627 2171 1824 2227 confido,

137 2228 261 2282 quod
287 2227 327 2271 si
358 2228 612 2285 contingat,
644 2229 764 2273 dabo
797 2243 987 2286 operam
1017 2231 1071 2273 ut
1100 2229 1428 2286 imprimantur
1450 2231 1557 2284 una,
1592 2231 1639 2274 et
1661 2232 1823 2274 mutua

139 2286 390 2330 collatione
420 2301 503 2342 per
532 2301 607 2331 me
639 2289 777 2332 ambo
818 2288 1120 2345 corrigantur.
1182 2302 1291 2332 nam
1331 2287 1606 2332 Graecum
1644 2302 1823 2333 meum

139 2358 332 2402 exemp
342 2344 427 2389 lar
456 2345 622 2390 valde
656 2348 741 2390 est
764 2347 1156 2403 depravatum,
1188 2360 1288 2391 nec
1312 2346 1475 2404 potui
1498 2346 1700 2391 melius
1725 2348 1822 2391 ad-

137 2403 245 2447 huc
293 2419 356 2448 ex
393 2405 599 2449 Italiae
639 2362 1016 2450 bibliothecis
1056 2405 1286 2462 (quamvis
1318 2406 1379 2449 ad
1407 2405 1583 2450 multos
1616 2405 1820 2450 eruditos

138 2462 309 2506 amicos
339 2477 467 2507 meos
499 2463 778 2521 scripserim)
808 2464 1093 2509 nancisci.‘

257 2527 326 2566 27.
351 2522 504 2566 Febr.
525 2527 662 2567 1559.
687 2523 773 2579 ‚,de
804 2523 1074 2568 Moschione
1103 2523 1334 2580 imprimis
1358 2523 1477 2579 dico,
1510 2537 1648 2579 quem
1670 2536 1820 2580 nuper

137 2581 504 2637 manuscriptum
536 2582 770 2638 quendam
803 2582 1009 2627 codicem
1038 2582 1252 2637 latinum,
1290 2583 1315 2626 6
1347 2582 1524 2627 Graeco
1553 2581 1639 2626 illo
1669 2583 1817 2625 trans-

136 2639 286 2683 latum
331 2641 517 2696 nactus,
563 2640 723 2685 multis
761 2642 812 2685 in
848 2641 965 2686 locis
1004 2641 1269 2697 emendavi,
1309 2641 1391 2685 sed
1427 2640 1577 2684 latina
1605 2639 1818 2685 versione

136 2713 294 2742 rursus
328 2712 403 2743 me
433 2713 518 2756 per
547 2700 707 2744 dolum
736 2700 942 2756 privavit
971 2699 1148 2745 ardelio
1180 2699 1382 2757 quidam.
1447 2712 1551 2743 eam
1581 2700 1636 2742 ut
1666 2699 1816 2743 denuo

136 2757 387 2813 acquiram,
419 2759 671 2803 curandum
701 2758 818 2803 mihi
850 2761 962 2805 661).ιι

256 2821 327 2860 25.
367 2817 502 2884 Aug.
542 2823 678 2862 1559:
727 2817 1075 2875 „Moschionem
1120 2820 1201 2863 tuo
1246 2817 1424 2863 1101111111
1469 2816 1676 2860 dicatum
1723 2829 1814 2871 quo

138 2874 289 2919 minus
317 2875 554 2920 aediderim
592 2878 831 2933 hactenus,
862 2877 1025 2922 fraude
1052 2877 1293 2923 cuiusdam
1322 2875 1538 2933 (hominis
1563 2872 1814 2929 ambitiosi,
