2014 3162
862 132 1258 185 —312—

214 265 307 335 πρὸ
347 271 460 333 μιᾶς
498 262 681 334 ἡμέρας
719 266 1004 331 συστέλλειν,
1044 267 1088 317 εἰ
1126 265 1179 317 δὲ
1219 263 1284 332 μὴ
1324 263 1514 333 ἆντέχοι
1552 286 1652 330 τις,
1686 261 1764 316 ἐπ’
1807 261 1904 318 ὄλι·

212 350 426 417 γοσιτίας
478 348 560 400 καὶ
613 344 916 415 ὑδροποσίας
968 354 1149 415 τηρεῖν,
1204 343 1303 398 εἶτα
1357 349 1546 414 μερίσαι
1596 342 1683 399 τὸν
1736 343 1903 412 ἄρτον,

215 427 336 482 ὅσον
376 431 557 498 ῥᾳδίως
596 431 820 480 πλείστου
862 426 1068 480 δύναται
1107 424 1473 496 περιγενέσθαι,
1513 429 1701 495 μερίσαι
1740 425 1795 478 δὲ
1833 428 1904 489 εἰς

215 507 308 563 δύο
349 508 500 579 μέρη,
546 511 628 562 καὶ
665 507 717 562 τὸ
759 509 848 576 μὲν
887 509 1050 577 ἕτερον
1087 507 1239 577 ἥμισυ
1279 511 1347 571 εἰς
1383 510 1490 575 τρία
1529 506 1650 575 μέρη
1696 509 1906 575 διαιρεῖν
1959 570 1961 574 Ι

170 611 190 644 5
216 594 314 657 ἴσα,
353 589 405 643 τὸ
447 591 501 642 δὲ
540 591 702 659 ἕτερον
739 595 797 662 τῇ
837 589 949 657 ἑξῆς
978 587 1136 660 ἡμέρᾳ
1168 588 1364 643 διδόναι
1395 586 1510 656 μετὰ
1540 585 1630 655 τὴν
1661 584 1904 654 συστολὴν

215 670 310 724 σὺν
347 673 578 739 ταριχίοις
616 671 700 722 καὶ
737 677 837 734 τοῖς
877 669 1067 739 δριμέσι
1105 668 1490 740 προσοψήμασιν
1519 667 1725 738 ἡμέραις
1756 668 1903 720 δυσὶν

210 749 242 819 ἢ
267 753 420 821 τρισὶν
443 748 477 819 ἢ
501 750 768 820 τέσσαρσιν.
810 748 909 804 εἶτα
932 749 1190 805 ἀλλάσσειν
1213 754 1283 815 εἰς
1314 750 1404 820 τὴν
1435 750 1588 819 μέσην
1619 749 1762 817 ὕλην,
1794 746 1903 803 οἷον

210 832 398 901 λάχανα
429 834 511 884 καὶ
541 830 656 895 τοὺς
686 831 1083 901 τρυφερωτέρους
1115 831 1296 901 ἰχθύας
1333 834 1417 885 καὶ
1456 829 1774 902 ἐγκεφάλους,
1813 826 1897 882 εἶτ’

210 913 378 977 ἄλλαις
430 916 558 977 ἴσαις
612 917 681 977 εἰς
725 912 785 966 τὰ
832 912 1016 981 πτηνά,
1068 916 1152 966 καὶ
1197 922 1302 978 ταῖς
1350 916 1632 983 ἰσαρίθμοις
1679 914 1747 974 εἰς
1793 908 1902 963 ὕεια
1974 979 1978 983 .

146 1014 187 1048 ιο
211 994 488 1063 πρόσφατα,
519 993 638 1046 καθ’
683 993 891 1062 ἑκάστην
930 993 1205 1062 μετέλευσιν
1243 993 1355 1049 άπὸ·
1375 992 1630 1062 ποιότητος
1662 995 1731 1055 εἰς
1760 988 1899 1045 ποιό-
1959 1051 1966 1056 ‚

209 1097 326 1143 τητα
362 1073 807 1144 προσλαμβάνοντα
844 1082 942 1128 τῶν
979 1077 1128 1144 τριῶν
1165 1081 1252 1129 τοῦ
1289 1074 1497 1144 ἡμίσους
1542 1073 1693 1141 ἄρτου
1741 1077 1903 1140 μερῶν
1978 1096 1988 1138 χ

202 1158 264 1208 ιὲν
303 1154 471 1225 μέρος,
520 1156 604 1208 καὶ
640 1161 699 1226 τῇ
737 1155 903 1226 πρώτῃ
943 1157 1032 1224 μὲν
1069 1155 1228 1228 ἡμέρᾳ
1265 1162 1351 1225 τῆς
1391 1154 1704 1224 μετελεύσεως
1750 1151 1898 1220 ὑφαι-

209 1242 390 1304 ροῦντα
435 1235 488 1289 τὸ
536 1235 760 1304 οἰνάριον
806 1239 888 1289 καὶ
934 1236 987 1290 τὸ
1036 1238 1266 1307 λουτρόν,
1311 1243 1368 1309 τῇ
1417 1237 1470 1290 δὲ
1508 1238 1620 1304 ἑξῆς
1658 1233 1903 1302 ἑκατέροις
1979 1266 1982 1270 ·

207 1317 472 1386 χρώμενον.
548 1315 679 1385 πλὴν
719 1317 773 1369 δὲ
812 1319 891 1370 ἐπὶ
931 1317 1087 1386 μόνης
1134 1324 1219 1387 τῆς
1267 1320 1624 1387 δριμυφαγίας,
1671 1317 1900 1368 συνδοκι-

143 1420 184 1453 15
210 1397 379 1466 μάζειν
417 1402 497 1450 δεῖ
529 1399 610 1450 καὶ
649 1396 707 1450 τὰ
739 1396 915 1451 τοπικὰ
944 1403 1043 1451 τῶν
1073 1399 1398 1468 βοηθημάτον
1430 1398 1487 1452 ἐν
1516 1404 1573 1469 τῇ
1605 1399 1715 1465 ἕξῆς
1745 1394 1901 1467 ἡμέρᾳ

206 1486 291 1548 τῆς
314 1474 416 1532 άπὸ
450 1477 709 1546 ποιότητος
741 1482 810 1542 εἰς
839 1479 1074 1548 ποιότητα
1106 1480 1431 1550 μεταβάσεως,
1462 1480 1578 1533 ποτὲ
1610 1476 1671 1546 δὴ
1707 1475 1901 1541 σικύαις
1974 1495 1987 1540 -j

205 1560 459 1629 χρώμενον
506 1566 976 1629 μετασυγκριτικαῖς,
1026 1563 1141 1614 ποτὲ
1196 1564 1251 1616 δὲ
1304 1559 1629 1630 παροπτήσει,
1679 1559 1795 1614 ποτὲ
1846 1559 1900 1612 δὲ
1966 1566 1990 1635 ’ἦ

207 1641 430 1710 δρώπακι
475 1637 580 1694 κατ’
634 1642 883 1710 ἕφηβαίου
929 1643 1013 1694 καὶ
1060 1638 1254 1710 ὀσφύος
1307 1647 1474 1712 νίτρου
1527 1664 1576 1696 τε
1629 1643 1712 1694 καὶ
1766 1639 1900 1694 ἁλῶν
1979 1631 1988 1718 f

205 1724 288 1776 καὶ
325 1728 425 1775 τῶν
463 1721 743 1791 ἄμυκτικῶν
781 1722 1078 1793 σμηγμάτων
1117 1724 1458 1793 συμπάσμασι,
1496 1723 1612 1777 ποτὲ
1652 1723 1706 1775 δὲ
1744 1726 1900 1794 πυρίᾳ
1979 1766 1982 1767 ⁷

142 1825 185 1857 20
210 1805 293 1857 καὶ
332 1805 658 1873 ἕγκαθίσμασι
697 1803 779 1857 διὰ
816 1803 1073 1872 θαλάσσης
1104 1806 1188 1857 καὶ
1216 1810 1283 1878 τῷ
1317 1803 1400 1857 διὰ
1430 1803 1622 1867 νάπυος
1653 1809 1899 1875 φοινιγμῷ

205 1886 288 1937 καὶ
331 1891 750 1957 κατακρουνισμῷ.
828 1884 893 1953 μὴ
942 1883 1401 1953 ἆνασκευαζομένου
1450 1885 1503 1936 δὲ
1549 1890 1635 1937 τοῦ
1680 1882 1898 1951 πάθους,
1969 1895 1978 1956 ζ

206 1963 366 2018 οὐκέτι
399 1962 556 2032 μόνον
587 1963 684 2018 άπὸ
718 1972 954 2034 συστολῆς
985 1964 1107 2019 ἄλλα
1138 1968 1220 2019 καὶ
1254 1965 1357 2019 άπὸ,
1384 1972 1470 2019 τοῦ
1497 1963 1579 2018 διὰ
1603 1968 1898 2035 ῥαφανίδων

205 2044 409 2114 ἀρκτέον
449 2046 632 2112 ἐμέτου.

324 2137 350 2176 3
385 2145 499 2175 οσου
533 2126 602 2187 (ὃς
633 2127 689 2176 οὖ
725 2133 819 2187 ο).
847 2168 856 2177 .
885 2134 1160 2178 ,πλείστους
1210 2132 1267 2179 cf.
1302 2132 1424 2178 Cael.
1459 2132 1551 2176 chr.
1588 2137 1628 2187 1,
1654 2137 1712 2176 24
1753 2135 1897 2189 panis

204 2192 415 2236 dabimus
454 2191 636 2236 tertiam
666 2167 850 2247 partem
888 2194 1048 2238 solitae
1086 2194 1361 2250 quantitatis
1405 2206 1542 2249 quam
1572 2196 1678 2236 ante
1707 2193 1896 2263 iojitium
1968 2225 1969 2231 .

205 2263 341 2295 curae
372 2250 510 2304 facile
541 2250 745 2306 accipere
775 2254 910 2322 atque
915 2252 1138 2322 ‘perferre
1168 2253 1348 2298 solebat.
1478 2256 1503 2295 6
1538 2247 1895 2309 προσεψήμασιν

209 2323 233 2353 0
267 2311 399 2363 (corr.
434 2309 503 2364 Ε).
666 2314 691 2353 7
730 2306 877 2366 μέσην
907 2314 1026 2366 υλην
1057 2326 1086 2354 1.
1114 2325 1150 2358 e.
1185 2311 1358 2356 mediae
1388 2310 1628 2367 qualitatis
1657 2311 1896 2355 materiam

206 2366 328 2412 Cael.
363 2375 401 2422 1,
427 2373 498 2413 26.
651 2365 753 2412 οἷον
785 2382 830 2413 c:
864 2382 952 2414 om.
986 2369 1029 2415 d.
1168 2375 1193 2415 9
1228 2369 1295 2420 εἰς
1324 2369 1397 2414 bis
1429 2368 1533 2413 add
1558 2368 1596 2412 E
1632 2367 1698 2426 (in
1730 2369 1894 2414 ceteris

203 2425 365 2481 falsuS,
398 2426 454 2471 cf.
490 2426 614 2472 Cael.
646 2427 676 2471 1.
711 2428 782 2483 c.).
907 2434 964 2473 14
994 2425 1115 2486 πλὴν
1150 2428 1226 2485 (ef.
1259 2427 1383 2473 Cael.
1418 2428 1510 2473 chr.
1547 2432 1586 2483 1,
1610 2429 1709 2483 41)·
1740 2423 1895 2498 πάσης

204 2499 241 2529 ο.
387 2485 443 2529 de
475 2485 704 2530 localibus
736 2484 980 2532 adiutoriis
1012 2502 1056 2533 v.
1056 2446 1214 2534 &Cael
1251 2494 1290 2543 1,
1315 2491 1372 2532 35
1398 2501 1494 2543 sqq.
1635 2491 1689 2530 16
1721 2483 1804 2556 δὴε
1838 2485 1890 2531 δὲ
1976 2511 1982 2515 ,

204 2558 242 2589 c.
427 2549 479 2588 17
511 2540 778 2601 παρόπτησι
809 2560 847 2590 c.
1025 2552 1078 2591 19
1112 2544 1433 2605 συμπάσμασιε
1468 2561 1556 2590 συν
1588 2542 1894 2603 σινιπάσμασι

204 2602 305 2659 (sio)
339 2616 376 2646 c.
440 2603 709 2660 aspergines
743 2618 797 2648 ex
828 2604 951 2650 nitro
985 2607 1071 2650 etc.
1105 2621 1147 2651 v.
1180 2605 1302 2651 Cael.
1336 2605 1432 2648 chr.
1467 2609 1507 2661 1,
1534 2609 1604 2648 99.
1645 2609 1686 2660 5,
1711 2609 1767 2649 39
1801 2606 1888 2649 etc.

260 2695 318 2735 20
348 2686 550 2742 νάπυοςε
591 2705 829 2742 συναπυος
861 2694 965 2750 (sic)
999 2707 1034 2738 c.
1145 2699 1198 2738 21
1232 2693 1620 2752 κατακρουνισμςό
1648 2694 1728 2751 (sc.
1754 2688 1892 2736 αύτο-

203 2749 341 2805 φυῶν
387 2745 618 2805 υδάτων)ε
666 2750 724 2794 cf.
768 2751 944 2806 AntyU.
995 2756 1043 2797 et
1083 2752 1303 2823 Agathin.
1355 2738 1889 2807 Orib.t.11,385,10.

201 2813 391 2864 401,10
446 2811 683 2866 (κρουνοῖς
722 2805 1007 2855 ὑποτιθέναι
1047 2808 1103 2855 τὰ
1144 2828 1186 2856 κ.
1226 2829 1262 2855 τ.
1307 2809 1559 2868 στόμαχον)
1601 2812 1649 2855 et
1684 2811 1747 2855 ib.
1779 2810 1889 2854 Dar.

199 2882 242 2924 p.
279 2844 377 2912 8'77.
502 2872 558 2913 23
593 2864 782 2926 ἐμέτους
818 2869 874 2913 cf.
909 2869 1033 2915 Cael.
1070 2871 1165 2915 chr.
1202 2877 1240 2928 1,
1266 2875 1336 2916 29
1370 2875 1440 2915 35.
