2014 3162
740 120 1139 174 —289—

93 256 182 309 καὶ
226 252 280 308 τὸ
325 252 549 322 σήσαμον
593 253 676 305 καὶ
719 258 823 306 πᾶν
866 251 920 306 τὸ
966 249 1305 321 ἀρωματῶδες
1351 252 1782 321 ἀποδοκιμαστέον.

103 337 306 390 ἕκαστον
343 333 436 405 γὰρ
474 332 659 388 τούτων
696 335 780 386 καὶ
817 334 896 386 ἐπὶ
932 335 1125 386 τελείων
1163 335 1591 403 δυσκατέργαστον.

212 421 335 468 116.
403 413 613 484 εὐχερῶς
661 416 715 468 δὲ
759 413 860 483 ’ἤδη
906 419 992 468 τοῦ
1046 414 1263 484 βρέφους
1311 414 1647 484 λαμβάνοντος
1694 416 1785 485 τὴν

97 495 278 564 σιτοόδη
316 495 510 565 τροφὴν
546 498 631 549 καὶ
659 501 744 565 τῆς
774 501 873 549 τῶν
903 493 1123 550 ὀδόντων
1153 494 1482 564 ἀναφυήσεως
1519 495 1784 566 ὑπισχνου-

98 579 251 647 μένης
285 579 367 631 καὶ
389 576 483 646 τὴν
512 583 611 631 τῶν
642 578 1054 646 στερεμνιωτέρων
1086 581 1322 646 διαίρεσίν
1351 599 1399 631 τε
1422 580 1506 630 καὶ
1527 582 1784 645 τελείωσιν,
1809 599 1829 633 5

93 657 218 727 ὅπερ
265 656 332 722 ὥς
378 660 458 712 ἐπὶ
502 657 555 713 τὸ
605 665 830 713 πλεῖστον
867 659 978 726 περὶ
1015 656 1106 727 τὴν
1141 663 1306 727 τρίτην
1342 657 1374 727 ἢ
1414 658 1640 727 τετάρτην
1679 658 1786 723 ἑξά-

94 763 261 809 μηνον
305 744 542 811 γίγνεται,
596 738 870 807 λεληθότως
915 741 997 792 καὶ
1042 738 1146 792 κατ’
1199 738 1366 810 ὀλίγον
1410 739 1787 803 ἀποσυνεθίζειν

95 821 221 875 αὐτὸ
260 828 346 876 τοῦ
386 827 570 889 μαστοῦ
609 822 694 872 καὶ
731 819 1129 890 ἀπογαλακτίζειν
1159 829 1225 894 τῷ
1254 823 1572 890 προστιθέναι
1602 821 1691 889 μὲν
1723 828 1787 895 τῷ

94 901 281 970 πλήθει
328 908 416 970 τῆς
461 901 610 969 ἄλλης
647 900 859 970 τροφῆς“,
908 899 1143 955 ὑποσπᾶν
1183 902 1238 954 δὲ
1274 908 1360 970 τῆς
1397 902 1664 970 ποσότητος
1700 908 1788 956 τοῦ

95 982 348 1053 γάλακτος.
427 981 554 1036 οὕτω
601 980 697 1051 γὰρ
743 980 808 1034 ἂν
846 988 1029 1050 μᾶλλον
1066 982 1119 1036 τὸ
1159 984 1345 1051 βρέφος
1383 981 1788 1051 ἀποσυνεθισθή«
1813 1006 1854 1038 ιο

102 1081 233 1117 σεται
264 1062 467 1127 ἀλύπως
496 1062 617 1116 κατὰ
649 1062 808 1132 βραχὺ
839 1069 926 1131 τῆς
956 1061 1153 1133 πρώτης
1185 1062 1478 1132 ἀποχωροῦν
1502 1067 1789 1132 συνηθείας,

93 1144 200 1213 ἅμα
232 1145 286 1198 δὲ
324 1143 625 1214 ἀπεριέργως
663 1143 987 1213 σβεσθήσεται
1015 1143 1067 1198 τὸ
1100 1144 1226 1215 γάλα
1255 1151 1341 1213 τῆς
1377 1144 1699 1213 τιτθευοῦσης
1735 1144 1788 1199 τὸ

100 1226 285 1294 νήπιον
329 1232 386 1299 τῇ
426 1224 547 1279 κατὰ
587 1224 763 1294 μικρὸν
800 1224 1054 1295 ῦφαιρέσει
1092 1232 1178 1295 τῆς
1217 1225 1536 1294 έκμυζήσεως.
1605 1226 1657 1280 τὸ
1695 1226 1789 1296 γὰρ

95 1315 294 1376 πικροῖς
323 1325 418 1360 τισι
454 1309 536 1360 καὶ
577 1306 819 1361 δυσώδεσι
855 1311 1118 1377 περιχρίειν
1155 1307 1240 1370 τάς
1270 1306 1431 1375 θηλὰς
1469 1309 1550 1360 καὶ
1590 1306 1790 1376 ἀθρόως

93 1389 497 1460 ἆπογαλακτίζειν
535 1387 653 1443 αὐτὸ
693 1387 935 1458 βλαβερὸν
975 1387 1059 1441 διά
1095 1410 1144 1442 τε
1182 1387 1233 1442 τὸ
1264 1395 1321 1460 τῇ
1352 1387 1519 1460 ἀθρόᾳ
1549 1392 1788 1462 μεταβολῇ
1814 1410 1855 1444 15

98 1469 330 1539 ξενισμὸν
355 1472 575 1539 ἐμποιεῖν
605 1471 689 1522 καὶ
721 1468 803 1522 διὰ
834 1469 888 1523 τὸ
927 1476 1205 1523 κακοῦσθαι
1242 1468 1341 1523 ὑπὸ
1379 1475 1477 1523 τῶν
1515 1468 1791 1538 φαρμάκων

96 1549 167 1615 ὥς
204 1554 287 1604 καὶ
324 1550 410 1606 τὸν
448 1548 690 1621 στόμαχόν
728 1572 842 1605 ποτε
879 1551 1098 1621 πάσχειν.
1824 1542 1835 1548 “

218 1639 339 1686 117.
404 1632 599 1701 ἄριστος
652 1633 706 1685 δὲ
758 1631 928 1702 καιρὸς
966 1631 1392 1703 ἀπογαλακτισμοῦ
1430 1632 1483 1686 τὸ
1523 1635 1608 1701 ἔαρ
1647 1631 1790 1702 ὑγιει-

100 1712 303 1783 νότερον
328 1712 388 1768 ὂν
420 1713 486 1767 δι’
516 1712 780 1783 εὐκρασίαν
802 1719 889 1767 τοῦ
913 1715 1229 1784 περιέχοντος.
1267 1719 1457 1781 φαῦλος
1487 1713 1580 1783 γὰρ
1613 1712 1638 1768 ὃ
1670 1713 1790 1767 κατὰ

99 1794 450 1865 φθινόπωρον.
518 1794 621 1848 τότε
657 1794 750 1865 γὰρ
790 1794 874 1849 διὰ
911 1795 1002 1864 τὴν
1039 1794 1326 1864 ἀνωμαλίαν
1362 1802 1448 1849 τοῦ
1486 1797 1790 1864 περιέχοντος
1814 1817 1857 1848 20

101 1875 346 1939 ἐπινόσως
386 1877 695 1945 διακειμένου
733 1882 820 1930 τοῦ
858 1876 1040 1940 παντὸς
1079 1876 1299 1945 σώματος
1337 1875 1678 1944 φυλάσσεσθαι
1717 1880 1800 1930 δεῖ

103 1955 190 2020 τὰς
227 1963 325 2010 τῶν
365 1958 501 2009 ἐθῶν
531 1955 799 2026 μεταβολὰς
822 1957 1028 2027 ἐχούσας
1059 1980 1103 2011 τι
1134 1958 1434 2027 δυσάρεστον
1465 1960 1518 2011 ἐκ
1548 1964 1632 2026 τῆς
1663 1948 1792 2022 ξενό-

91 2041 322 2101 παθείας.
1735 2053 1774 2100 ag

214 2118 275 2173 οὐ
332 2119 624 2187 προσεκτέον
679 2120 734 2172 δὲ
781 2122 1116 2193 Μνησιθέῳ
1171 2143 1219 2174 τε
1268 2122 1351 2173 καὶ
1391 2119 1790 2188 Ἀριστάνακτι

99 2199 314 2271 βράδιον
360 2198 583 2264 ἀξιοῦσιν
629 2199 1026 2272 ἀπογαλακτίζειν
1065 2205 1122 2264 ’ἐξ
1168 2203 1286 2270 μησὶ
1329 2201 1382 2255 τὸ
1428 2207 1562 2269 θῆλυ
1610 2199 1692 2254 διὰ
1736 2199 1788 2254 τὸ
1814 2222 1855 2255 25

96 2281 454 2350 ἀσθενέστερον
530 2280 782 2352 ὑπάρχειν.
897 2281 987 2351 οὐχ
1062 2280 1212 2351 ὁρῶσι
1286 2281 1379 2352 γὰρ
1455 2277 1528 2335 ὅτι
1595 2287 1789 2335 πολλῶν

102 2419 257 2465 farina
287 2421 456 2464 sesami
487 2421 764 2466 obdulcatos
794 2421 824 2466 i.
843 2434 881 2465 e.
916 2418 1129 2464 conditos
1162 2421 1278 2476 (aut,
1308 2419 1363 2463 ut
1384 2418 1536 2463 Diosc.
1562 2421 1793 2464 memorat

105 2482 156 2535 4,
189 2483 244 2523 65
277 2492 334 2524 ex
363 2483 631 2537 papavere).
762 2485 791 2524 4
822 2475 1168 2536 ἀναφυσήσεως
1199 2492 1222 2522 0
1255 2478 1388 2534 (corr.
1429 2476 1502 2533 D).
1649 2482 1673 2521 5
1706 2474 1791 2534 τὴν

107 2538 170 2583 D:
203 2538 286 2593 τῆς
319 2552 357 2582 c.
502 2541 740 2584 τελείωσιν
770 2539 801 2583 i.
834 2553 872 2583 e.
904 2538 1163 2596 perfectam
1194 2539 1384 2611 μείωσιν
1417 2536 1674 2610 (cf.la1:.1‚
1707 2541 1791 2581 128

98 2597 326 2642 dividere.
347 2634 356 2643 .
377 2599 636 2656 ,diligenter
668 2599 1075 2654 commanducare).
1196 2601 1222 2640 8
1256 2612 1342 2653 μεν
1374 2596 1438 2639 D.
1470 2593 1558 2653 μὲν
1589 2592 1678 2652 γὰρ
1711 2610 1747 2639 c.

99 2690 134 2728 9
166 2655 275 2728 ποῳ
303 2684 404 2742 (sie)
439 2701 476 2732 c.
602 2692 653 2731 11
688 2683 808 2732 κατὰ
840 2687 903 2731 D:
936 2686 1018 2730 καὶ
1049 2689 1259 2730 o.14
1291 2684 1499 2735 δυσῶδες
1528 2681 1792 2741 περιχρήεις

111 2742 216 2813 (sic)
250 2758 274 2788 c
307 2745 439 2815 (corr.
470 2746 545 2816 D).
685 2751 738 2791 15
770 2743 857 2818 (τὸ)
889 2746 944 2802 τῇ
978 2746 1037 2789 E:
1072 2741 1188 2802 (τὸν)
1222 2740 1274 2788 έν
1306 2744 1360 2800 τῆ
1396 2757 1432 2788 c.
1588 2748 1641 2787 16
1673 2758 1791 2798 φαρ·

101 2799 423 2906 μάζίωέεἴόὗῖ
433 2801 686 2909 σέιέμέιέοτὲ
699 2820 723 2850 c
758 2801 837 2862 (ὥς
868 2804 974 2850 add.
1006 2804 1078 2861 E)
1190 2808 1243 2848 19
1274 2819 1331 2847 ον
1332 2761 1424 2846 ⁷²E²
1454 2817 1499 2859 p.
1526 2805 1602 2846 49:
1637 2815 1726 2846 om.
1752 2816 1790 2845 c.

198 2943 378 2987 Soranus,
403 2945 461 2979 ed.
484 2945 596 2980 Bose.
1472 2938 1525 2977 19
