2014 3162
831 160 1194 213 —30—

60 304 154 361 (28)
292 293 374 345 81.
417 295 671 354 Quomodo
711 295 947 344 infantem
988 292 1291 345 fasciamus‘?

285 370 652 434 superpositum
705 385 818 418 eum
858 368 1129 419 femoribus
1169 371 1272 418 suis
1311 368 1449 418 lanea
1489 370 1637 419 fascia
1675 371 1859 421 munda

175 450 225 492 et
270 442 364 492 lata
413 450 461 492 et
508 443 813 492 sufficienter
863 443 1006 507 longa
1055 442 1246 507 singula
1291 450 1459 508 partes
1503 443 1751 493 involvere
1788 447 1857 495 ita

173 523 229 565 ut
273 516 353 566 illa
404 517 510 566 loca
549 519 712 566 omnia
752 533 875 582 quae
917 523 1033 566 sunt
1071 516 1269 580 gracilia
1310 518 1615 581 stringantur
1655 524 1705 566 et
1743 525 1855 568 ante

128 601 148 634 5
171 590 329 640 laxius
369 593 746 655 circumagatur.
823 590 1000 640 deinde
1042 591 1317 639 coniunctis
1356 589 1582 640 manibus
1620 590 1861 642 lateribus

173 665 280 713 eius
328 671 377 714 et
422 664 632 729 pedibus
680 665 956 714 coniunctis
1003 666 1069 713 ita
1116 671 1172 713 ut
1217 663 1425 728 genibus
1473 670 1522 713 et
1571 664 1681 714 talis
1719 664 1859 715 lanae

170 739 551 803 interponantur
592 753 653 787 ne
702 740 915 788 extantia
954 740 1060 802 ipsa
1100 752 1327 786 ossorum
1368 744 1645 804 quassetur,
1683 738 1860 788 latiore

172 811 321 860 fascia
369 826 512 860 omne
553 827 735 876 corpus
775 814 881 861 eius
922 812 1150 876 fasciam,
1197 818 1344 876 caput
1382 813 1530 861 etiam
1568 827 1730 877 panno
1770 819 1858 862 aut

173 884 297 935 lanis
338 885 536 935 mundis
576 891 855 951 contegere.

52 962 145 1018 (29)
282 957 368 1009 82.
409 958 502 1008 Ubi
541 959 778 1009 infantem
818 961 979 1008 iacere
1020 955 1252 1024 oportet?

102 1045 143 1076 11
279 1034 332 1082 in
371 1033 477 1082 loco
518 1033 707 1083 scilicet
744 1033 1060 1083 mediocriter
1099 1032 1254 1082 calido
1294 1034 1360 1081 ita
1393 1039 1448 1082 ut
1480 1032 1600 1082 nihil
1631 1032 1700 1082 ibi
1731 1033 1860 1085 oleat

167 1121 260 1155 nec
299 1106 436 1155 valde
477 1108 541 1156 sit
579 1107 819 1173 lucidum,
868 1114 1021 1156 strato
1062 1121 1274 1156 concavo
1316 1112 1364 1155 et
1402 1122 1494 1156 nec
1534 1106 1671 1156 valde
1712 1107 1861 1175 molli,

168 1186 225 1229 ut
262 1195 362 1229 non
402 1180 611 1230 multum
650 1181 853 1230 iacendo
894 1183 1032 1245 spina
1077 1181 1278 1229 infantis
1318 1186 1402 1230 aut
1441 1180 1621 1230 collum
1661 1187 1855 1231 contor-

169 1258 404 1321 queatur,
451 1257 618 1319 itaque
658 1254 974 1304 mediocriter
1013 1253 1169 1320 molli,
1216 1253 1342 1303 bene
1392 1254 1630 1304 collocato
1678 1257 1853 1322 capite,

103 1340 143 1372 15
168 1328 406 1378 infantem
445 1330 642 1377 iactare.

282 1399 366 1452 83.
409 1401 615 1460 Quando
655 1401 830 1451 infanti
871 1400 1036 1450 cibum
1078 1401 1194 1450 dare
1235 1397 1469 1466 oportet?

281 1490 394 1525 cum
432 1482 546 1540 post
576 1491 772 1525 omnem
805 1477 1185 1524 commotionem
1219 1476 1417 1540 quietus
1451 1475 1604 1525 fuerit
1635 1476 1857 1543 effectus,

170 1548 264 1598 hoc
305 1556 380 1598 est
418 1556 532 1614 post
571 1556 682 1598 octo
723 1549 798 1599 vel
838 1549 1009 1598 decem
1047 1548 1209 1598 horas.

283 1620 367 1673 84.
408 1622 567 1680 Quem
605 1625 820 1688 primum
861 1622 1028 1672 cibum
1067 1624 1290 1687 accipere
1331 1621 1479 1672 debet
1516 1620 1715 1672 infans?

100 1710 145 1741 20
278 1696 425 1746 talem
466 1696 631 1745 cibum
671 1698 878 1762 accipiat
916 1698 1002 1761 qui
1041 1703 1205 1761 potest
1237 1702 1287 1745 et
1318 1695 1626 1745 stomachum
1658 1702 1707 1746 et
1738 1711 1853 1746 ven-

166 1776 295 1819 trem
346 1785 560 1836 purgare
609 1777 659 1820 et
705 1785 819 1820 eum
865 1772 1079 1830 nutrire,
1127 1769 1221 1819 hoc
1268 1776 1344 1820 est
1389 1769 1486 1818 mel
1533 1769 1724 1820 modice
1773 1769 1855 1820 de-

168 1851 377 1894 coctum.
418 1846 460 1893 si
500 1846 630 1894 enim
670 1844 881 1894 crudum
920 1843 1070 1893 fuerit
1110 1850 1159 1892 et
1198 1849 1410 1910 austere,
1463 1843 1615 1910 inflat,
1656 1845 1698 1894 si
1735 1859 1852 1893 vero

167 1917 376 1983 amplius
416 1918 567 1967 fuerit
605 1925 816 1984 coctum,
857 1919 1164 1982 constringit.

283 1987 366 2041 85.
409 1990 665 2048 Quomodo
705 1991 802 2041 mel
842 1991 1056 2040 dandum
1099 1997 1174 2040 est
1212 1988 1425 2041 infanti?

287 2181 309 2220 1
342 2176 512 2222 infanti
545 2179 584 2223 b.
714 2182 740 2221 2
774 2191 879 2221 eurn
911 2178 994 2222 bh.
1035 2190 1140 2221 cum
1173 2177 1201 2221 Ζ.
1325 2182 1351 2221 3
1383 2177 1621 2222 involvere
1654 2178 1729 2234 (sc.
1764 2177 1845 2223 de-

163 2236 246 2280 bet
277 2237 535 2294 obstetrix).
709 2241 738 2280 4
781 2236 938 2281 omnia
969 2250 1108 2293 quae:
1142 2250 1232 2292 que
1265 2237 1374 2296 (que
1407 2237 1440 2293 l)
1474 2237 1632 2281 omnia
1663 2237 1725 2282 bl.

165 2295 543 2352 constringantur
575 2297 638 2340 lh.
786 2301 810 2340 7
843 2295 1051 2340 extantia
1084 2291 1240 2353 (ἕξοχή
1273 2295 1370 2340 Sor.
1406 2297 1638 2354 126‚15):
1671 2294 1847 2341 stantia.

166 2355 217 2399 bl
249 2355 348 2411 (om.
381 2355 442 2411 h).
565 2359 592 2399 8
626 2367 810 2399 omnem
841 2355 881 2410 b,
916 2367 1075 2400 omnes
1108 2355 1135 2399 l.
1260 2359 1314 2398 12
1348 2355 1396 2400 et
1425 2368 1535 2399 nec:
1567 2356 1635 2399 sie
1664 2355 1765 2399 blh.

163 2412 309 2459 molli.
342 2413 398 2457 ut
425 2427 519 2458 non
551 2415 597 2458 b:
631 2413 826 2458 molliet.
859 2428 953 2458 non
985 2414 1000 2458 Z
1032 2412 1195 2470 (molli.
1230 2415 1278 2457 et
1300 2427 1357 2458 ne
1382 2415 1442 2471 h).
1566 2419 1620 2459 13
1651 2412 1846 2458 iacendo

165 2473 238 2517 lh:
269 2472 500 2518 iacentem
532 2474 571 2518 b.
678 2473 812 2530 spina
843 2474 926 2530 (h):
958 2472 1112 2528 ispina
1145 2473 1173 2526 l,
1206 2473 1372 2530 supina
1404 2474 1444 2518 b.
1545 2473 1850 2529 contorqueat

165 2531 266 2576 blh.
399 2537 454 2576 14
484 2532 665 2589 itaque:
711 2533 780 2575 ita
811 2533 873 2576 bl.
1006 2534 1059 2575 15
1092 2531 1286 2576 infantis
1316 2532 1492 2577 iactare
1524 2532 1574 2588 b,
1621 2532 1848 2576 infantem

162 2591 314 2636 iacere
348 2591 375 2636 l.
501 2597 554 2635 16
589 2590 783 2644 Quando
816 2592 850 2634 I:
885 2589 1124 2643 Quomodo
1157 2591 1195 2634 b.
1322 2595 1376 2634 18
1407 2591 1484 2636 vel
1515 2591 1563 2635 b:
1597 2593 1678 2635 aut
1709 2591 1736 2636 Z.

164 2649 270 2694 octo
303 2651 375 2694 bl:
414 2649 548 2694 VIIII
578 2652 619 2694 h.
767 2655 820 2694 19
863 2649 1011 2703 Quem
1043 2650 1117 2693 lh:
1150 2648 1271 2702 Quid
1302 2651 1341 2694 b.
1486 2654 1543 2694 20
1573 2650 1697 2706 pot&
1727 2649 1766 2694 ὣ
1797 2650 1845 2694 b:

163 2710 321 2765 potest
351 2709 389 2753 Sc
421 2710 437 2754 l
468 2709 637 2766 (possit
666 2710 727 2766 h).
879 2709 1053 2766 (stom.)
1087 2707 1184 2752 eius
1216 2709 1322 2753 add.
1357 2709 1384 2754 l.
1537 2713 1592 2752 21
1627 2722 1733 2752 eum
1763 2723 1849 2752 nu-

163 2768 276 2812 trire
309 2769 392 2813 bh:
435 2773 491 2812 cu
523 2767 723 2813 nutrires
756 2769 783 2813 Z.
968 2767 1211 2812 decoctum
1244 2767 1331 2812 bh:
1364 2768 1548 2813 coctum
1580 2768 1608 2811 l.
1789 2771 1844 2811 22

164 2828 347 2872 austere
379 2827 512 2871 inflat
544 2828 591 2872 b:
625 2829 806 2872 austere
840 2828 979 2884 (-rum
1011 2827 1057 2884 h)
1091 2826 1164 2870 est
1193 2826 1242 2869 et
1270 2825 1402 2871 inflat
1433 2827 1496 2871 lh.
1649 2831 1705 2870 23
1738 2839 1844 2870 con-

164 2886 354 2944 stringit
385 2887 468 2932 bh:
502 2886 807 2944 confringitur
839 2888 866 2932 l.
989 2890 1047 2930 24
1079 2884 1257 2929 dandus
1288 2885 1327 2930 b.
