2014 3162
763 151 1163 204 —375—

119 280 264 335 δόναι
312 280 504 349 τροφὴν
551 279 722 351 ὀλίγην
760 280 938 351 διπλῆν,
988 281 1088 336 εἶτα
1133 283 1264 353 παρὰ
1314 289 1442 353 μίαν.
1537 304 1808 354 στερεοποι-

121 365 331 429 ηθείσης
371 363 424 414 δὲ
463 368 546 429 τῆς
583 369 876 431 καταστολῆς
915 362 1029 431 μετὰ
1067 372 1312 434 προσοχῆς
1343 364 1726 435 ἀναλαμβάνειν,
1765 371 1809 420 εἰ

118 440 178 495 τὰ
215 447 305 509 τῆς
343 440 532 510 ἡλικίας
572 443 971 512 συλλαμβάνοιτο.

234 529 318 576 87.
358 525 438 576 ἐπὶ
461 523 554 594 γὰρ
578 530 675 577 τῶν
698 526 1038 594 πρεσβυτέρων
1062 527 1417 579 καταστέλλεται
1448 528 1535 595 μὲν
1566 526 1597 595 ἡ
1637 527 1807 596 μήτρα,

118 607 380 671 προπίπτει
427 604 480 656 δὲ
525 603 675 658 πάλιν
724 604 946 674 εὐχερῶς.
1030 610 1074 659 εἰ
1118 607 1206 674 μὲν
1253 602 1345 660 οὖν
1393 606 1612 676 σκύβαλα
1651 610 1704 660 ἐν
1741 614 1806 681 τῷ

119 682 487 755 ἆπευθυσμένῳ
543 686 856 752 παρακέοιτο,
925 685 1006 740 διὰ
1060 693 1324 755 κλυστῆρος
1378 686 1500 740 αὐτὰ
1555 689 1807 756 κομιστέον

120 762 297 818 διπλοῦ.
375 763 604 828 ὡσαύτως
643 766 696 818 δὲ
735 769 778 818 εἰ
815 767 868 818 ἐν
906 765 1068 819 κύστει
1105 770 1374 834 περίττωμα
1413 770 1505 835 εἴη,
1545 767 1626 820 διὰ
1659 776 1807 821 καθε-

118 851 265 914 τῆρος
316 844 432 898 αὐτὸ
481 847 748 913 κομιστέον.
826 850 1081 915 συμβαίνει
1127 845 1220 915 γὰρ
1271 848 1349 898 ἐπὶ
1385 845 1436 900 τὸ
1475 854 1698 902 πλεῖστον
1735 851 1808 918 ἐγ-

121 927 408 994 κατέχεσθαι
453 931 602 978 ταῦτα
647 933 712 996 τῷ
760 927 912 994 μέσην
956 926 1046 995 τὴν
1084 925 1289 993 ὑστέραν
1326 929 1617 996 τεταγμένην
1654 928 1806 982 ἀπευ-

116 1007 375 1073 θυσμένου
429 1007 513 1059 καὶ
566 1005 777 1069 κύστεως
829 1010 1204 1075 παρεμποδίζειν
1258 1009 1311 1059 ἐν
1359 1015 1460 1070 ταῖς
1505 1009 1806 1076 προπτώσεσι

118 1093 226 1149 ταῖς
277 1094 510 1153 φυσικαῖς
550 1089 786 1155 ἐκκρίσεσι
823 1091 1101 1155 θλίβουσαν
1139 1089 1222 1139 καὶ
1261 1094 1655 1155 στενοχωροῦσαν
1692 1087 1807 1151 τοὺς

117 1166 316 1229 τόπους.
395 1171 698 1235 σχηματίζειν
750 1168 802 1220 δὲ
845 1167 960 1236 μετὰ
999 1174 1139 1222 τοῦτο
1177 1167 1266 1236 τὴν
1303 1167 1592 1236 κάμνουσαν
1629 1166 1807 1222 ὑπτίαν

117 1246 402 1316 ’ὑψηλότερα
441 1250 652 1316 ἔχουσαν
690 1247 746 1300 τὰ
787 1252 915 1316 ἰσχία
953 1251 1036 1301 καὶ
1066 1247 1337 1316 κάμψασαν
1371 1247 1455 1311 τὰς
1487 1247 1659 1317 ἰγνύας
1691 1248 1806 1315 μετὰ

118 1334 207 1382 τοῦ
248 1328 495 1382 διεστάναι
540 1327 626 1380 ἀπ’
671 1328 894 1397 ἀλλήλων
930 1328 987 1382 τὰ
1027 1331 1183 1397 σκέλη.
1260 1331 1421 1381 ἔπειτα
1461 1330 1602 1399 ἐλαίῳ
1642 1337 1806 1402 πολλῷ

121 1415 302 1481 χλιαρῷ
341 1408 734 1477 καταντλήσαντα
771 1409 823 1463 τὸ
862 1409 1212 1479 προπεπτωκὸς
1249 1416 1334 1478 τῆς
1365 1406 1547 1479 μήτρας
1579 1411 1658 1463 ἐπὶ
1680 1410 1803 1464 πολὺ

117 1491 202 1543 καὶ
241 1489 518 1558 ποιήσαντα
557 1489 830 1558 σύστρεμμα
870 1491 918 1552 ἐξ
959 1491 1091 1556 ἐρίου
1133 1488 1335 1558 σχήματι
1371 1491 1455 1541 καὶ
1507 1489 1651 1558 πάχει
1689 1489 1806 1543 ἆνα-

118 1576 302 1639 λογοῦν
336 1576 402 1643 τῷ
425 1574 687 1642 γυναικείῳ
713 1569 878 1641 κόλπῳ
911 1569 1215 1638 περιβάλλειν
1248 1572 1433 1633 ἔξωθεν
1454 1569 1505 1623 τὸ
1533 1569 1806 1639 σύστρεμμα

117 1658 206 1706 τοῦ
242 1653 376 1720 ἐρίου
409 1650 671 1723 ἰσχνοτάτῳ
704 1653 787 1704 καὶ
817 1657 1022 1721 καθαρῷ
1048 1649 1234 1722 ὀθονίῳ
1259 1650 1460 1703 κᾶπειτα
1483 1650 1807 1720 καταβάπτειν

117 1734 298 1802 ταχέως
347 1736 414 1796 εἰς
442 1731 729 1800 κόξύκρατον
773 1729 804 1799 ἢ
851 1733 934 1783 καὶ
979 1729 1224 1799 ἆφέψημα
1261 1729 1459 1799 χλιαρὸν
1498 1735 1734 1799 μυρσίνης
1770 1729 1803 1799 ἢ

1830 630 1851 663 5

1829 1034 1871 1065 10

1830 1434 1873 1467 15

119 1818 290 1882 σχίνου
329 1811 361 1881 ἢ
403 1812 556 1882 βάτου
595 1811 626 1881 ἢ
667 1816 838 1865 σιδίων
875 1809 907 1879 ἢ
948 1808 1112 1882 ῥόδων
1145 1811 1346 1864 κᾶπειτα
1383 1810 1707 1880 καταβάπτειν
1737 1815 1805 1875 εἰς
1828 1837 1872 1870 20

118 1893 268 1964 χυλὸν
307 1893 513 1957 ἀκακίας
543 1892 574 1962 ἢ
607 1891 918 1956 υποκιστίδος
958 1896 1076 1965 οἴνῳ
1110 1893 1353 1960 διειμένης
1383 1893 1466 1944 καὶ
1489 1892 1807 1959 προστιθέναι

119 1981 177 2046 τῆ
215 1973 392 2045 υστέρα
430 1977 512 2027 καὶ
551 1973 854 2073 διαβιβάζειν
892 1979 992 2026 πᾶν
1031 1972 1082 2026 τὸ
1122 1970 1468 2040 προπεπτωκὸς
1502 1969 1658 2070 ηρέμα
1688 1969 1805 2024 ἄνα-

118 2058 360 2122 θλίβοντα
397 2053 534 2122 άχρις
574 2057 634 2107 οῦ
672 2053 703 2122 ἡ
745 2054 902 2123 μήτρα
941 2055 1020 2106 ἐπὶ
1057 2052 1141 2106 τὸν
1165 2057 1294 2106 ι’διον
1324 2049 1477 2106 τόπον
1508 2051 1804 2152 ἆναχωρήση

118 2138 203 2189 καὶ
253 2133 279 2189 ὃ
337 2141 422 2188 τοῦ
478 2137 611 2203 ἐρίου
667 2134 811 2205 ὄγκος
857 2134 969 2197 όλος
1015 2137 1069 2187 ἐν
1113 2140 1178 2206 τῷ
1218 2132 1380 2204 κόλπῳ
1426 2133 1621 2201 γένηται
1670 2132 1798 2185 τοῦτ’

119 2218 251 2270 ἔστιν
290 2218 345 2268 ἐν
382 2222 446 2288 τῷ
487 2219 674 2286 αἰδοίῳ.
722 2214 821 2269 εἶτα
860 2218 966 2283 ἔρια
1004 2188 1192 2279 ἔξωθέν
1230 2215 1500 2267 ἐπιτιθέναι
1539 2216 1657 2284 οίνῳ
1698 2211 1803 2265 στύ-
1827 2239 1871 2271 25

239 2351 268 2390 4
299 2347 635 2421 πρεσβυτίδων
650 2345 753 2389 Aet.
789 2342 973 2402 (-τε’ρων
1006 2346 1062 2401 c).
1236 2348 1262 2387 5
1294 2340 1570 2399 πρὸςπίπτει
1601 2357 1637 2387 ο.
1776 2347 1800 2386 7

120 2404 168 2450 εἰ
195 2405 258 2450 D.
292 2422 338 2450 οι
370 2420 406 2450 ο.
589 2401 640 2448 τὸ
675 2404 779 2449 add.
812 2404 864 2449 E.
989 2408 1043 2448 10
1075 2403 1416 2459 παραποδίζειν
1449 2415 1486 2446 c.
1610 2405 1663 2446 12
1695 2403 1806 2457 post

119 2461 293 2515 τόπους
331 2464 436 2508 add.
469 2463 572 2509 Aet.
612 2462 694 2507 καὶ
731 2463 1147 2534 παραποδίζουσαν
1180 2464 1310 2514 (corr.
1343 2461 1804 2532 παραποδισθεῖσαν)

125 2519 205 2567 υπ’
241 2519 400 2568 αὐτῶν
441 2519 493 2567 ἐν
524 2527 627 2573 ταῖς
657 2517 976 2591 ἄναθλίψεσιν
1010 2515 1155 2572 αὖθις
1187 2537 1242 2565 ου
1275 2517 1686 2564 καταστέλλεσθαι.

124 2587 178 2626 13
210 2580 294 2632 τὰς
327 2578 491 2638 ἰγνύας
522 2582 582 2625 A.
617 2576 674 2625 τὰ
709 2578 832 2637 ἰσχία
865 2580 1129 2651 (iterum)c
1266 2583 1322 2622 14
1355 2578 1598 2622 ὃιεστᾶναι
1629 2577 1712 2634 (sic
1738 2580 1802 2634 c)-

122 2641 374 2710 διαστῆναι
403 2639 458 2686 Α.
629 2643 682 2684 15
715 2636 1035 2695 καταντλήσας
1068 2639 1151 2695 (sio
1182 2652 1267 2696 pro
1298 2640 1562 2708 -σαντας)ο
1750 2641 1804 2679 16

121 2696 412 2754 ποιήσαντας
456 2700 521 2755 (et
564 2698 631 2742 sie
670 2697 877 2774 infra)c
853 2699 1053 2754 c.(eorr
1085 2697 1154 2753 E).
1339 2701 1391 2740 17
1426 2691 1748 2751 ἀναλογοῦντα
1780 2708 1805 2738 c

123 2758 256 2812 (corr.
290 2755 364 2813 D).
488 2762 545 2801 20
576 2758 683 2815 post
714 2755 869 2814 ρόδων
904 2757 1008 2802 add.
1045 2753 1315 2813 ἐγκαθίζειν
1348 2770 1386 2799 c.
1509 2755 1672 2813 καταβ.
1705 2752 1803 2808 (sic,

122 2829 216 2859 non
246 2811 386 2873 άποβ.
420 2816 467 2872 d)
502 2821 778 2887 0.,21
820 2813 1077 2888 διημμένης
1109 2829 1147 2859 ο.
1328 2819 1382 2859 22
1422 2809 1473 2857 τὸ
1506 2809 1750 2862 πεπτωκὸς
1781 2825 1808 2856 c

123 2875 256 2932 (corr.
291 2875 364 2931 D).
488 2879 546 2918 24
578 2870 708 2919 τοῦτ’
746 2872 870 2919 ἔστιν
905 2873 1178 2932 (τουτέστιν)
1212 2873 1334 2918 Aeta
1367 2872 1449 2917 τοῦ
1485 2869 1643 2922 τέλους
1675 2884 1714 2915 c
