2014 3162
713 102 1109 152 -117—

67 238 240 289 tollere
294 235 546 286 debemus,
631 237 674 284 si
727 250 844 284 vero
898 235 1290 300 inpedimentum
1337 237 1534 302 aliquod
1585 253 1756 289 occur·

68 313 206 378 rerit,
237 310 388 359 altera
421 309 500 359 die
531 309 657 358 hene
693 324 777 358 eos
810 308 1130 358 excludimus.
1184 319 1297 375 post
1322 314 1567 360 sectiones
1592 321 1755 363 autem

69 400 163 451 qua
202 383 455 447 diligentia
493 382 695 433 vulnera
726 382 943 432 curanda
976 384 1076 432 sint
1106 391 1243 433 retro
1271 383 1424 434 hahes
1448 385 1757 449 frequentius

68 458 370 523 ordinatum,
419 459 487 506 ita
527 463 584 506 ut
623 472 737 506 cum
775 457 835 505 ad
876 458 1157 506 cicatricem
1196 459 1304 522 rapi
1343 460 1617 522 coeperint,
1656 462 1755 522 pri-

68 533 263 598 apiscus
318 530 644 580 medicamine
699 530 831 595 quod
886 531 945 580 ad
1001 532 1284 580 cicatricem
1338 531 1455 580 facit
1517 531 1757 598 inlinituS,
1780 542 1829 574 5·

67 620 225 670 usque
266 604 325 654 ad
363 604 558 670 plenam
595 606 854 654 sanitatem
886 619 986 654 non
1018 605 1194 655 exinde
1226 604 1441 672 recedat,
1479 620 1542 654 ne
1574 607 1757 654 iterum

67 686 232 745 partes
272 678 372 727 sibi
411 678 677 728 cohaerere
716 680 971 743 incipiant.

179 748 312 819 (93.)
356 752 518 801 solent
573 758 735 801 autem
791 760 840 801 et
894 752 1207 802 melicerides
1262 760 1313 802 et
1367 753 1668 802 atheromata
1708 760 1758 803 et
1781 751 1963 810 (ἱπᾱ-ρ-νῗὲ)

68 832 355 877 steatomata
393 827 446 875 in
484 828 608 890 ipsis
645 825 871 890 partibus
910 828 1048 875 nasci
1086 834 1137 876 et
1176 828 1318 891 quasi
1355 827 1632 891 praedictas
1658 826 1758 876 clu-

68 916 209 950 suras
264 900 441 949 facere.
519 915 643 964 quae
692 901 798 964 ipsa
845 901 1006 948 omnia
1055 899 1362 964 adprehensa
1410 900 1560 950 simili
1611 900 1756 950 modo
1782 912 1825 944 10

70 975 235 1024 curari
272 980 497 1038 possunt.
574 973 818 1038 siquidem
857 972 1159 1038 ubicumque
1199 975 1386 1023 fuerint
1425 980 1538 1023 nata
1576 974 1650 1023 vel
1684 976 1757 1023 in-

65 1055 233 1114 venta,
272 1062 371 1096 una
411 1047 670 1112 disciplina
710 1046 945 1096 tollantur
986 1063 1133 1113 quam
1171 1050 1223 1097 in
1264 1048 1757 1113 chirurgumenis

68 1123 337 1171 exercitius
376 1120 530 1170 hahes
569 1121 857 1170 ordinatam.

139 1352 402 1407 XXXIIII
450 1352 564 1414 Qua
603 1351 899 1424 disciplina
941 1368 1151 1423 organo
1193 1352 1526 1424 aperiendae
1567 1354 1678 1408 sint
1754 1352 1844 1393 &⁷²⁰³-
1870 1342 1922 1399 ῥῖ
1937 1359 2009 1406 ⁷²⁶3

1755 1392 1960 1444 διοπτρισμ
1966 1406 2011 1431 ου

777 1439 1052 1495 mulieres
1783 1456 1825 1489 15

182 1556 320 1630 (94.)
362 1561 475 1610 Scio
515 1575 594 1610 me
633 1568 770 1611 retro
810 1562 869 1611 ad
908 1561 1266 1626 inspiciendam
1306 1561 1615 1611 altitudinem
1654 1577 1758 1612 mu-

67 1637 206 1686 lieris
246 1635 558 1700 frequentius
598 1637 770 1699 organi
808 1637 1110 1685 mentionem
1146 1635 1324 1685 fecisse
1357 1636 1486 1701 quod
1520 1638 1759 1700 graecitas

71 1711 299 1775 dioptran
340 1715 494 1758 vocat.
558 1715 608 1758 et
647 1711 880 1773 quoniam
912 1711 1010 1758 nisi
1039 1711 1288 1759 insinuata
1320 1709 1471 1759 fuerit
1502 1709 1760 1775 disciplina

69 1791 312 1850 quatenns
350 1782 445 1832 hoc
484 1782 633 1848 ipsud
672 1782 782 1831 fieri
819 1785 991 1850 possit,
1026 1791 1320 1833 occurrente
1346 1785 1642 1832 necessitate
1676 1783 1758 1832 ob-

74 1859 304 1908 stetrices
343 1856 505 1906 facere
545 1871 646 1905 non
679 1856 876 1923 audent,
914 1857 1102 1907 idcirco
1135 1856 1321 1922 placuit
1351 1857 1494 1906 nobis
1527 1864 1583 1906 ut
1612 1859 1759 1907 etiam
1783 1870 1826 1902 20

195 2005 221 2043 3
255 2002 362 2044 sunt
392 2000 434 2044 h.
556 2004 586 2043 4
617 1999 832 2044 ordinata
861 2000 902 2046 h.
1026 2004 1053 2044 5
1083 1998 1347 2056 priapiscus
1377 1999 1684 2044 medicamine
1715 2002 1757 2046 h.
1789 2027 1813 2041 -

125 2057 363 2103 inlinimus
394 2059 437 2103 h.
580 2061 608 2102 8
641 2059 929 2103 atthromata
962 2059 1062 2116 (sic)
1094 2059 1135 2104 h.
1282 2064 1308 2103 9
1340 2057 1477 2115 ipsis:
1509 2059 1583 2103 hic
1613 2060 1763 2105 denuo

67 2119 302 2174 incipiunt
341 2117 415 2171 bl,
461 2117 543 2162 ubi
583 2118 668 2162 sic:
718 2117 759 2161 si
797 2131 907 2162 vero
944 2117 995 2161 in
1035 2117 1188 2162 medio
1230 2118 1333 2162 sinu
1372 2118 1468 2174 inp.
1500 2118 1531 2161 f.
1564 2117 1760 2163 inventu

70 2176 192 2222 sicut
220 2175 335 2233 ipsis
367 2175 580 2232 partibus
610 2176 741 2221 nasci
771 2178 820 2220 et
850 2177 1064 2233 quasi...
1212 2182 1267 2222 10
1300 2177 1489 2234 (facere)
1522 2177 1763 2234 coepimus

68 2236 173 2281 add.
207 2237 235 2281 l.
358 2240 402 2292 εἷς
433 2235 535 2293 ipse
569 2237 609 2292 b,
641 2250 731 2295 que
761 2236 866 2292 ipsa
895 2237 925 2281 h
957 2237 1065 2294 (que
1099 2235 1256 2280 omnia,
1286 2235 1390 2292 ipsa
1420 2240 1497 2280 etc.
1531 2237 1578 2292 l).
1703 2241 1759 2279 11

68 2296 195 2355 (nate
228 2294 334 2339 add.
366 2296 413 2353 h)
448 2295 523 2340 vel
551 2295 742 2340 invente
775 2296 838 2339 bl.
1024 2299 1076 2338 12
1108 2295 1339 2339 tolluntur
1367 2295 1411 2352 h,
1442 2293 1611 2350 tolla(n
1635 2296 1761 2352 b)t·‚ur

68 2355 133 2399 bl.
254 2367 395 2408 quam
425 2354 477 2398 h:
512 2358 556 2411 (ῖς
591 2355 631 2408 b,
663 2368 753 2413 que
787 2355 814 2398 l.
953 2354 1288 2411 cirorgumenis
1321 2354 1361 2409 b,
1393 2354 1500 2410 g(oh
1527 2354 1760 2410 myrin-gi-

67 2413 214 2457 menis
245 2413 313 2457 hl.
468 2418 522 2458 16
564 2413 866 2468 adspicienda.
897 2413 950 2458 bl
982 2413 1076 2469 (sed
1106 2413 1155 2457 in
1188 2413 1295 2458 add.
1325 2413 1412 2468 ips.
1445 2426 1558 2458 corr.
1594 2413 1650 2469 l),
1697 2412 1761 2457 ad

69 2471 335 2528 aspicienda.
364 2472 406 2516 h.
526 2472 827 2517 multitudine
859 2471 1060 2516 muliersi
1091 2472 1133 2516 h.
1254 2471 1448 2516 muliere
1482 2472 1522 2527 b,
1555 2471 1637 2516 -ris
1670 2472 1697 2517 Ζ.

72 2535 124 2575 17
162 2530 501 2576 memoratione
534 2532 563 2576 Ζ.
744 2535 788 2586 (ῖς
833 2544 862 2574 a
893 2529 1044 2588 grecis
1081 2532 1154 2575 tas
1187 2530 1420 2576 diobtram
1450 2530 1638 2586 voca(ta
1668 2530 1761 2574 fuit

70 2587 317 2646 disciplina
348 2592 579 2646 quatenus
597 2626 607 2635 .
627 2626 668 2636 ..
706 2591 775 2634 sic
804 2591 915 2635 med.
949 2591 1052 2646 om.)
1086 2591 1133 2646 b,
1180 2603 1270 2650 que
1309 2603 1338 2634 a.
1368 2589 1496 2646 greci
1528 2589 1757 2645 stasdiop-

66 2651 172 2691 tran
201 2650 427 2693 vocantur
458 2650 494 2704 Z,
548 2662 665 2706 ,quas
705 2649 906 2706 greeitas
948 2649 1166 2705 dioptran
1196 2650 1368 2692 vocant
1397 2650 1440 2692 h.
1626 2651 1678 2692 18
1711 2649 1758 2692 et

73 2706 185 2764 (qu.)
210 2731 266 2740 —
290 2706 464 2752 fuerint
501 2721 585 2753 om.
620 2709 660 2753 b.
813 2706 1035 2764 quoniam
1060 2732 1116 2757 ÷-
1142 2709 1371 2764 quatenus
1403 2721 1484 2752 om.
1519 2708 1546 2752 l.
1702 2711 1755 2749 19

70 2765 204 2868 ipziliid
235 2766 404 2882 b>lh.dd
439 2767 728 2883 zofcurrejnte
759 2766 1039 2870 neizgssitgte
1071 2767 1120 2869 ht:
1146 2780 1236 2869 zoin.
1272 2767 1335 2810 bl.
1361 2825 1385 2869 b
1458 2766 1495 2809 &
1527 2767 1650 2822 (ante
1674 2765 1757 2808 ob-

71 2837 117 2868 se
185 2838 259 2868 ces
310 2839 339 2870 a
407 2862 415 2870 .
503 2838 597 2871 non
677 2862 686 2871 .
893 2839 954 2870 no
988 2839 1091 2869 isu
1208 2838 1333 2870 eom.
1389 2858 1399 2867 .
