2014 3162
890 141 954 149 ——
1002 111 1141 165 ·186
1219 141 1291 148 —

241 251 329 313 τῆς
379 244 598 313 σελήνης.
675 249 730 298 αἱ
764 245 852 313 μὲν
890 243 982 314 γὰρ
1021 242 1116 311 πρὸ
1157 241 1351 306 εἰκάδος
1389 247 1444 296 αἱ
1479 244 1533 297 δὲ
1571 245 1626 297 ἐν
1658 242 1815 297 εἰκάδι
1844 265 1929 296 κα·

242 329 526 393 θαίρονται,
575 327 658 379 καὶ
703 325 853 379 πάλιν
899 328 955 377 αἰ
996 324 1084 391 μὲν
1131 320 1471 390 αὐξανομένου
1517 330 1604 378 τοῦ
1643 323 1806 392 φωτὸς
1842 330 1928 392 τῆς

243 406 451 475 σελήνης
489 410 544 460 αἱ
580 407 632 460 δὲ
672 408 983 475 μειουμένου,
1023 403 1164 456 ἄλλαι
1202 405 1257 456 δὲ
1293 406 1348 457 ἐν
1379 405 1632 469 τοσαύταις
1661 407 1786 458 τισὶν
1815 403 1929 474 ἡμέ-

244 509 352 556 ραις
398 511 462 552 ως
512 490 631 552 ἔθος
670 487 795 556 εἶχεν
833 486 1018 548 αὐταῖς.
1057 482 1182 551 <τὴν
1221 483 1275 536 δὲ
1290 483 1587 586 σύμμετρον
1626 485 1801 557 ἑκάστῃ
1839 485 1929 539 κά-

198 593 221 626 5
243 577 427 637 θαρσιν
475 571 528 622 ἐκ
565 575 650 637 τῆς
689 566 1097 637 σνναριθμήσεως
1142 571 1240 619 τῶν
1275 563 1471 634 ἡμερῶν
1516 566 1715 635 ἔκρινάν
1760 589 1928 631 τινες.

245 649 310 718 μὴ
360 652 623 718 περαιτέρω
671 648 764 719 γὰρ
809 656 894 717 τῆς
932 652 1090 717 τρίτης
1126 646 1308 716 ἡμέρας
1346 645 1377 715 ἢ
1418 645 1642 715 τετάρτης
1679 646 1770 716 τὴν
1807 648 1926 702 κατὰ

244 730 399 797 φύσιν
445 729 707 798 ἀπόκρισιν
750 731 1090 799 προέρχεσθαι.
1168 729 1406 798 μεμπτέον
1452 728 1506 781 δὲ
1552 724 1771 792 τούτους.
1846 732 1930 783 καὶ

242 811 336 881 γὰρ
383 813 519 880 μέχρι
563 810 807 865 πλειόνων
855 810 1052 880 ἡμερῶν
1091 814 1218 864 ἔνιαι
1254 813 1579 877 καθαίρονται
1615 809 1736 862 κατὰ
1776 809 1929 877 φύσιν

242 899 328 947 τοῦ
375 896 486 947 ἴσου
526 892 754 960 πλήθους
792 896 861 955 εἰς
898 896 1127 955 πλείονας
1164 890 1346 961 ἡμέρας
1385 891 1802 959 ἕπιμερισθὲντος,
1848 895 1930 944 καὶ

177 999 219 1032 10
242 973 367 1042 πρὸς
421 978 539 1042 μίαν
583 972 771 1042 ἡμέραν
817 972 1023 1026 δύναται
1069 980 1238 1026 πλεῖον
1283 971 1623 1040 ἀποκριθῆναι
1667 979 1755 1026 τοῦ
1808 971 1931 1026 κατὰ

242 1055 411 1121 φύσιν.
488 1055 768 1123 συμμέτρως
816 1049 907 1108 οὖν
957 1053 1272 1120 κεκαθάρθαι
1318 1050 1510 1106 λεκτέον
1554 1051 1640 1116 τὰς
1687 1053 1802 1122 μετά
1840 1053 1931 1122 τὴν

241 1135 503 1205 άπόκρισιν
564 1134 820 1199 εὐσταθεῖς
874 1136 1090 1199 εὔπνους
1142 1134 1416 1204 ἀταράχους
1468 1132 1559 1201 τήν
1610 1156 1660 1187 τε
1717 1134 1930 1203 δύναμιν

241 1215 615 1284 άκαθαιρέτους,
655 1215 740 1279 τὰς
779 1218 833 1269 δὲ
872 1215 938 1284 μὴ
970 1215 1195 1279 τοιαύτας
1226 1214 1589 1284 άσυμμέτρως.)
1612 1214 1666 1269 τὸ
1698 1214 1790 1286 γὰρ
1822 1220 1930 1270 ἴσον

241 1299 325 1349 καὶ
368 1295 675 1366 ὄλιγωτέραις
717 1299 800 1350 καὶ
843 1301 1030 1351 πλείοσι
1059 1294 1325 1351 κενώσεσιν
1356 1299 1572 1364 αἵματος,
1610 1295 1733 1349 κατά
1762 1318 1816 1366 γε
1846 1296 1932 1361 τὰς

177 1403 219 1436 15
244 1375 435 1445 ἡλικίας
473 1380 556 1430 καὶ
594 1377 646 1432 τὸ
685 1379 800 1432 ποτὲ
840 1379 928 1446 μὲν
963 1376 1264 1446 παχυντικὰς
1294 1375 1716 1446 προσενέγκασθαι
1746 1377 1932 1447 τροφὰς

239 1459 356 1513 ποτὲ
395 1460 449 1512 δὲ
489 1463 706 1527 δριμείας
744 1462 827 1513 καὶ
864 1458 1180 1522 λεπτυντικὰς
1219 1462 1456 1527 φαίνεται.

354 1548 439 1594 22.
477 1540 530 1595 τὸ
560 1542 613 1594 δὲ
636 1549 830 1610 πλῆθος
851 1549 938 1610 τῆς
959 1542 1252 1611 καθάρσεως
1277 1538 1439 1594 αὐτῶν
1463 1538 1638 1593 ὄένισόν
1661 1541 1759 1593 ἐστι
1783 1539 1930 1608 φύσει

241 1624 322 1675 καὶ
353 1621 487 1690 παρὰ
519 1621 608 1690 τὴν
639 1621 834 1690 ἡλικίαν
864 1625 948 1676 καὶ
966 1623 1114 1692 ’παρὰ
1146 1623 1236 1692 τὴν
1268 1621 1401 1690 ὥραν
1431 1622 1515 1674 καὶ
1545 1619 1680 1690 παρὰ
1703 1619 1792 1688 τὴν
1816 1620 1928 1691 σύγ-

239 1721 401 1771 κρισιν
423 1704 507 1756 καὶ
529 1702 661 1771 παρὰ
685 1702 737 1757 τὸ
763 1703 1060 1772 ἐπιτήδευμα
1083 1706 1164 1757 καὶ
1186 1702 1277 1772 τὴν
1299 1701 1502 1772 ἀγωγὴν
1534 1703 1618 1754 καὶ
1638 1700 1755 1769 παρ’
1783 1701 1930 1766 ἄλλας

171 1808 216 1840 20
240 1782 375 1847 τινάς
406 1785 631 1853 ἐμφερεῖς
668 1785 942 1855 ε’ξαλλαγάς.
1019 1784 1165 1853 φύσει
1204 1786 1292 1853 μὲν
1331 1781 1590 1851 ἐπειδήπερ
1630 1781 1747 1836 αὐτὸ
1787 1790 1927 1838 τοῦτο

241 1871 464 1932 φυσικῶς
501 1867 595 1918 τισὶ
633 1866 722 1933 μὲν
760 1873 930 1920 πλεῖον
969 1868 1233 1935 ἐκκρίνεται
1269 1864 1322 1919 τὸ
1363 1863 1482 1932 αἷμα
1512 1865 1606 1917 τισὶ
1637 1864 1692 1917 δὲ
1722 1866 1931 1918 ἔλαττον.

239 1946 373 2014 παρὰ
414 1947 468 2000 δὲ
506 1946 595 2014 τὴν
633 1944 852 2014 ἡλικίαν,
907 1946 1195 2017 ὀλιγώτερον
1240 1945 1352 2016 γὰρ,
1374 1953 1480 2008 ταῖς
1519 1944 1804 2014 μελλούσαις
1842 1952 1930 2014 μη-

240 2029 339 2080 κέτι
377 2032 712 2096 καθαίρεσθαι
749 2029 832 2080 καὶ
869 2036 975 2092 ταῖς
1005 2035 1200 2097 πρῶτον
1232 2027 1537 2097 ἆρχομέναις.
1578 2025 1773 2090 ταύταις
1803 2033 1930 2096 γοῦν

240 2109 472 2173 πολλάκις
511 2108 667 2178 μόνον
704 2109 756 2163 τὸ
797 2114 1158 2178 παρακείμενον
1195 2116 1252 2180 τῇ
1294 2107 1450 2179 μήτρα
1485 2111 1664 2176 χωρίον
1694 2111 1930 2177 περινοτί-

172 2212 216 2244 25
241 2194 379 2252 ζεται.
457 2189 640 2260 ὀλίγαις
686 2190 779 2260 γὰρ
826 2198 1073 2255 παντελῶς
1119 2194 1202 2245 καὶ
1247 2189 1443 2252 ταύταις
1487 2187 1788 2257 ὗπεράκμοις
1831 2188 1927 2258 πρὸ

240 2277 325 2338 τῆς
373 2270 727 2340 διακορεύσεως
773 2270 970 2340 άθροῧν
1018 2274 1348 2339 ἐπιφαίνεται,
1403 2269 1559 2338 μόνον
1600 2269 1654 2322 δὲ
1695 2267 1760 2333 ὥς
1798 2271 1928 2338 ἔφην

358 2384 383 2422 3
417 2380 527 2435 post
558 2395 741 2436 μειουμ.
774 2379 945 2424 iterum
976 2382 1294 2437 καθαίρονται
1325 2378 1432 2422 add.
1467 2392 1503 2423 c.
1643 2382 1672 2421 4
1703 2379 1813 2434 post
1843 2374 1926 2422 αύ-

239 2441 342 2487 ταῖς
381 2437 430 2480 in
467 2439 601 2482 textzu
641 2452 666 2482 o
708 2453 764 2482 ex
795 2439 951 2496 glossa
982 2438 1232 2496 marginali
1270 2438 1432 2482 extant
1469 2437 1611 2481 verba
1642 2435 1927 2494 σημειωτέον

241 2492 328 2551 τὴν
361 2492 575 2552 αὐτάρκη
607 2494 848 2552 κάθαρσιν
881 2500 942 2554 (p.
972 2503 1040 2554 16,
1062 2502 1114 2542 17
1134 2498 1214 2554 D).
1248 2511 1366 2567 quae
1399 2510 1458 2540 sc.
1491 2495 1571 2540 hic
1603 2495 1775 2540 omissa
1805 2495 1927 2540 infra

238 2555 399 2611 inepto
431 2554 534 2599 loco
568 2555 787 2600 scribitur
817 2571 863 2612 p.
884 2561 953 2610 18,
971 2561 1026 2601 22
1059 2562 1114 2612 τη
1118 2573 1146 2600 ν
1178 2556 1231 2600 δὲ
1265 2553 1524 2621 σύμμετρον
1543 2579 1599 2586 -
1623 2550 1928 2626 άσυμμέτρως

243 2618 312 2668 19,
345 2618 370 2656 3
404 2613 458 2656 D.
523 2627 605 2657 suo
639 2614 742 2658 loco
775 2628 880 2658 oum
910 2592 1018 2659 D’ar.
1051 2613 1259 2660 resbituit
1289 2613 1326 2657 E
1360 2614 1433 2670 (p
1455 2615 1544 2668 22).
1670 2610 1869 2669 ἑκάστης
1900 2626 1924 2657 ο
1969 2663 1971 2666 ⁴

241 2674 373 2727 (corr.
405 2672 475 2727 E).
630 2677 684 2715 13
717 2669 1041 2729 ἀσυμμέτρους
1072 2673 1172 2730 (sic)
1206 2686 1243 2716 c
1397 2676 1452 2715 14
1482 2673 1590 2728 post
1620 2667 1732 2728 ὄλιγ.
1766 2671 1926 2716 album

240 2732 368 2786 (ante
398 2730 474 2774 fin.
507 2731 568 2786 v.)
604 2735 626 2773 1
661 2744 745 2774 cm.
781 2745 818 2774 c.
938 2733 1147 2775 πλείοσιν
1179 2727 1400 2780 κενώσεις
1425 2730 1534 2800 (sic)
1566 2744 1602 2774 c.
1728 2735 1781 2775 16
1815 2731 1926 2785 φαί-

239 2805 371 2833 νεται
403 2803 447 2833 c:
483 2788 679 2847 φέρεται
712 2789 749 2832 Ε
782 2789 855 2861 ¹(of.
889 2789 950 2833 Ε2
962 2805 1015 2861 p.
1038 2791 1124 2846 16).
1248 2793 1303 2832 23
1337 2786 1542 2844 πρώταις
1573 2801 1597 2832 c
1630 2790 1759 2843 (corr.
1793 2788 1863 2845 E)

241 2853 300 2891 24
331 2844 382 2892 τὸ
417 2848 499 2904 τῆς
527 2847 880 2905 παρακειμένης
912 2846 1088 2905 μήτρας
1119 2849 1289 2905 χωρίον
1323 2861 1347 2891 c
1378 2850 1511 2902 (corr.
1544 2846 1614 2903 Ε).
