<?xml version="1.0" encoding="UTF-8"?>
<!DOCTYPE html PUBLIC "-//W3C//DTD XHTML 1.0 Transitional//EN"
    "http://www.w3.org/TR/xhtml1/DTD/xhtml1-transitional.dtd">
<html xmlns="http://www.w3.org/1999/xhtml" xml:lang="en" lang="en">
 <head>
  <title>
</title>
<meta http-equiv="Content-Type" content="text/html;charset=utf-8" />
  <meta name='ocr-system' content='tesseract 3.04.00' />
  <meta name='ocr-capabilities' content='ocr_page ocr_carea ocr_par ocr_line ocrx_word'/>
</head>
<body>
  <div class='ocr_page' id='page_1' title='image "./gynaeciorumvetus00sorauoft_0206.png"; bbox 0 0 2014 3162; ppageno 0'>
   <div class='ocr_carea' id='block_1_1' title="bbox 1794 93 1806 113">
    <p class='ocr_par' dir='ltr' id='par_1_1' title="bbox 1794 93 1806 113">
     <span class='ocr_line' id='line_1_1' title="bbox 1794 93 1806 113; baseline 0 0"><span class='ocrx_word' id='word_1_1' title='bbox 1794 93 1806 113; x_wconf 60' lang='grc' dir='ltr'>ἱ</span> 
     </span>
    </p>
   </div>
   <div class='ocr_carea' id='block_1_2' title="bbox 889 109 1286 162">
    <p class='ocr_par' dir='ltr' id='par_1_2' title="bbox 889 109 1286 162">
     <span class='ocr_line' id='line_1_2' title="bbox 889 109 1286 162; baseline 0.003 -1"><span class='ocrx_word' id='word_1_2' title='bbox 889 139 950 146; x_wconf 90' lang='lat'><em>——</em></span> <span class='ocrx_word' id='word_1_3' title='bbox 1037 109 1286 162; x_wconf 82' lang='grc'><strong>182-</strong></span> 
     </span>
    </p>
   </div>
   <div class='ocr_carea' id='block_1_3' title="bbox 166 237 1927 2288">
    <p class='ocr_par' dir='ltr' id='par_1_3' title="bbox 166 237 1927 1850">
     <span class='ocr_line' id='line_1_3' title="bbox 238 237 1924 312; baseline -0.001 -18"><span class='ocrx_word' id='word_1_4' title='bbox 238 241 424 310; x_wconf 82' lang='grc' dir='ltr'><em>μήτρας</em></span> <span class='ocrx_word' id='word_1_5' title='bbox 471 239 537 304; x_wconf 79' lang='grc' dir='ltr'><em>ὡς</em></span> <span class='ocrx_word' id='word_1_6' title='bbox 580 242 662 294; x_wconf 83' lang='grc' dir='ltr'><em>ἐπὶ</em></span> <span class='ocrx_word' id='word_1_7' title='bbox 706 247 804 294; x_wconf 81' lang='grc' dir='ltr'><em>τῶν</em></span> <span class='ocrx_word' id='word_1_8' title='bbox 849 239 1071 310; x_wconf 78' lang='grc' dir='ltr'><em>ἀρρένων</em></span> <span class='ocrx_word' id='word_1_9' title='bbox 1117 240 1148 309; x_wconf 76' lang='grc' dir='ltr'>ἡ</span> <span class='ocrx_word' id='word_1_10' title='bbox 1189 239 1356 306; x_wconf 81' lang='grc' dir='ltr'><em>πόσθη</em></span> <span class='ocrx_word' id='word_1_11' title='bbox 1397 245 1462 312; x_wconf 79' lang='grc' dir='ltr'><em>τῷ</em></span> <span class='ocrx_word' id='word_1_12' title='bbox 1501 237 1725 311; x_wconf 87' lang='grc' dir='ltr'><em>βαλάνῳ,</em></span> <span class='ocrx_word' id='word_1_13' title='bbox 1770 239 1823 294; x_wconf 90' lang='grc' dir='ltr'><em>τὸ</em></span> <span class='ocrx_word' id='word_1_14' title='bbox 1871 241 1924 293; x_wconf 81' lang='grc' dir='ltr'><em>δὲ</em></span> 
     </span>
     <span class='ocr_line' id='line_1_4' title="bbox 238 319 1926 392; baseline -0.001 -16"><span class='ocrx_word' id='word_1_15' title='bbox 238 325 328 386; x_wconf 76' lang='grc' dir='ltr'><em>ἔξω</em></span> <span class='ocrx_word' id='word_1_16' title='bbox 369 329 471 385; x_wconf 85' lang='grc' dir='ltr'><em>τοῖς</em></span> <span class='ocrx_word' id='word_1_17' title='bbox 508 321 871 391; x_wconf 82' lang='grc' dir='ltr'><em>πτερυγοόμασι,</em></span> <span class='ocrx_word' id='word_1_18' title='bbox 917 321 969 376; x_wconf 86' lang='grc' dir='ltr'><em>τὸ</em></span> <span class='ocrx_word' id='word_1_19' title='bbox 1019 323 1072 375; x_wconf 81' lang='grc' dir='ltr'><em>δὲ</em></span> <span class='ocrx_word' id='word_1_20' title='bbox 1108 320 1238 374; x_wconf 86' lang='grc' dir='ltr'><em>κάτω</em></span> <span class='ocrx_word' id='word_1_21' title='bbox 1276 326 1333 391; x_wconf 77' lang='grc' dir='ltr'><em>τῇ</em></span> <span class='ocrx_word' id='word_1_22' title='bbox 1372 322 1513 392; x_wconf 76' lang='grc' dir='ltr'><em>ἕδρᾳ,</em></span> <span class='ocrx_word' id='word_1_23' title='bbox 1559 319 1615 373; x_wconf 80' lang='grc' dir='ltr'><em>τὰ</em></span> <span class='ocrx_word' id='word_1_24' title='bbox 1656 322 1708 373; x_wconf 84' lang='grc' dir='ltr'><em>δὲ</em></span> <span class='ocrx_word' id='word_1_25' title='bbox 1745 321 1926 391; x_wconf 82' lang='grc' dir='ltr'><em>πλάγια</em></span> 
     </span>
     <span class='ocr_line' id='line_1_5' title="bbox 237 401 1926 474; baseline -0.001 -18"><span class='ocrx_word' id='word_1_26' title='bbox 237 411 339 467; x_wconf 84' lang='grc' dir='ltr'><em>τοῖς</em></span> <span class='ocrx_word' id='word_1_27' title='bbox 398 403 669 472; x_wconf 74' lang='grc' dir='ltr'><em>σαρκώδεσι</em></span> <span class='ocrx_word' id='word_1_28' title='bbox 717 409 816 456; x_wconf 80' lang='grc' dir='ltr'><em>τῶν</em></span> <span class='ocrx_word' id='word_1_29' title='bbox 860 406 1054 471; x_wconf 84' lang='grc' dir='ltr'><em>ἰσχίων,</em></span> <span class='ocrx_word' id='word_1_30' title='bbox 1106 401 1159 456; x_wconf 87' lang='grc' dir='ltr'><em>τὸ</em></span> <span class='ocrx_word' id='word_1_31' title='bbox 1209 402 1261 455; x_wconf 81' lang='grc' dir='ltr'><em>δὲ</em></span> <span class='ocrx_word' id='word_1_32' title='bbox 1307 401 1413 454; x_wconf 82' lang='grc' dir='ltr'><em>ἄνω</em></span> <span class='ocrx_word' id='word_1_33' title='bbox 1458 408 1523 474; x_wconf 80' lang='grc' dir='ltr'><em>τῷ</em></span> <span class='ocrx_word' id='word_1_34' title='bbox 1543 411 1545 413; x_wconf 81' lang='grc'><strong>’</strong></span> <span class='ocrx_word' id='word_1_35' title='bbox 1567 401 1787 474; x_wconf 78' lang='grc' dir='ltr'><strong><em>τραχήλῳ</em></strong></span> <span class='ocrx_word' id='word_1_36' title='bbox 1842 409 1926 471; x_wconf 83' lang='grc' dir='ltr'><em>τῆς</em></span> 
     </span>
     <span class='ocr_line' id='line_1_6' title="bbox 236 478 1926 553; baseline -0.001 -16"><span class='ocrx_word' id='word_1_37' title='bbox 236 483 463 549; x_wconf 82' lang='grc' dir='ltr'><em>κύστεως.</em></span> <span class='ocrx_word' id='word_1_38' title='bbox 548 478 690 547; x_wconf 79' lang='grc' dir='ltr'><em>οὗτος</em></span> <span class='ocrx_word' id='word_1_39' title='bbox 735 483 851 553; x_wconf 87' lang='grc' dir='ltr'><em>γάρ,</em></span> <span class='ocrx_word' id='word_1_40' title='bbox 893 482 959 546; x_wconf 83' lang='grc' dir='ltr'><em>ὦς</em></span> <span class='ocrx_word' id='word_1_41' title='bbox 998 485 1151 551; x_wconf 74' lang='grc' dir='ltr'><em>ἔφην,</em></span> <span class='ocrx_word' id='word_1_42' title='bbox 1189 481 1478 550; x_wconf 73' lang='grc' dir='ltr'><em>ὑπερπεσών</em></span> <span class='ocrx_word' id='word_1_43' title='bbox 1515 481 1567 536; x_wconf 85' lang='grc' dir='ltr'><em>τὸ</em></span> <span class='ocrx_word' id='word_1_44' title='bbox 1608 483 1804 550; x_wconf 89' lang='grc' dir='ltr'><em>στόμιον</em></span> <span class='ocrx_word' id='word_1_45' title='bbox 1841 490 1926 551; x_wconf 84' lang='grc' dir='ltr'><em>τῆς</em></span> 
     </span>
     <span class='ocr_line' id='line_1_7' title="bbox 191 563 1926 637; baseline -0.001 -18"><span class='ocrx_word' id='word_1_46' title='bbox 191 585 213 618; x_wconf 86' lang='lat'><strong>5</strong></span> <span class='ocrx_word' id='word_1_47' title='bbox 237 564 438 635; x_wconf 75' lang='grc' dir='ltr'><strong><em>ὑστέρας</em></strong></span> <span class='ocrx_word' id='word_1_48' title='bbox 484 567 565 618; x_wconf 87' lang='grc' dir='ltr'><em>καὶ</em></span> <span class='ocrx_word' id='word_1_49' title='bbox 611 567 912 634; x_wconf 79' lang='grc' dir='ltr'><em>παραταθεὶς</em></span> <span class='ocrx_word' id='word_1_50' title='bbox 960 564 1162 618; x_wconf 82' lang='grc' dir='ltr'><em>ἄνωθεν</em></span> <span class='ocrx_word' id='word_1_51' title='bbox 1200 570 1266 637; x_wconf 80' lang='grc' dir='ltr'><em>τῷ</em></span> <span class='ocrx_word' id='word_1_52' title='bbox 1305 567 1476 635; x_wconf 80' lang='grc' dir='ltr'><em>αἰδοίῳ</em></span> <span class='ocrx_word' id='word_1_53' title='bbox 1515 563 1621 616; x_wconf 91' lang='grc' dir='ltr'><em>κατ’</em></span> <span class='ocrx_word' id='word_1_54' title='bbox 1665 564 1820 633; x_wconf 86' lang='grc' dir='ltr'><em>ἄκρον</em></span> <span class='ocrx_word' id='word_1_55' title='bbox 1858 568 1926 628; x_wconf 83' lang='grc' dir='ltr'><em>είς</em></span> 
     </span>
     <span class='ocr_line' id='line_1_8' title="bbox 235 643 1925 715; baseline 0 -16"><span class='ocrx_word' id='word_1_56' title='bbox 235 645 321 700; x_wconf 89' lang='grc' dir='ltr'><em>τὸν</em></span> <span class='ocrx_word' id='word_1_57' title='bbox 360 644 621 714; x_wconf 81' lang='grc' dir='ltr'><em>οὖρητικὸν</em></span> <span class='ocrx_word' id='word_1_58' title='bbox 657 644 815 713; x_wconf 80' lang='grc' dir='ltr'><em>πόρον</em></span> <span class='ocrx_word' id='word_1_59' title='bbox 854 646 1102 714; x_wconf 80' lang='grc' dir='ltr'><em>ἐμφύεται.</em></span> <span class='ocrx_word' id='word_1_60' title='bbox 1180 649 1402 713; x_wconf 86' lang='grc' dir='ltr'><em>φαίνεται</em></span> <span class='ocrx_word' id='word_1_61' title='bbox 1451 649 1621 698; x_wconf 87' lang='grc' dir='ltr'><em>τοίνυν</em></span> <span class='ocrx_word' id='word_1_62' title='bbox 1660 643 1726 708; x_wconf 81' lang='grc' dir='ltr'><em>ὦς</em></span> <span class='ocrx_word' id='word_1_63' title='bbox 1773 644 1799 699; x_wconf 83' lang='grc' dir='ltr'>ὁ</span> <span class='ocrx_word' id='word_1_64' title='bbox 1838 669 1925 715; x_wconf 88' lang='grc' dir='ltr'><em>γυ-</em></span> 
     </span>
     <span class='ocr_line' id='line_1_9' title="bbox 235 724 1926 800; baseline -0.001 -20"><span class='ocrx_word' id='word_1_65' title='bbox 235 736 450 791; x_wconf 87' lang='grc' dir='ltr'><em>ναικεῖος</em></span> <span class='ocrx_word' id='word_1_66' title='bbox 502 726 685 789; x_wconf 83' lang='grc' dir='ltr'><em>κόλπος</em></span> <span class='ocrx_word' id='word_1_67' title='bbox 738 724 988 780; x_wconf 73' lang='grc' dir='ltr'><em>ὑπόκειται</em></span> <span class='ocrx_word' id='word_1_68' title='bbox 1043 729 1132 796; x_wconf 83' lang='grc' dir='ltr'><em>μὲν</em></span> <span class='ocrx_word' id='word_1_69' title='bbox 1183 733 1249 800; x_wconf 77' lang='grc' dir='ltr'><em>τῷ</em></span> <span class='ocrx_word' id='word_1_70' title='bbox 1302 725 1521 797; x_wconf 80' lang='grc' dir='ltr'><em>τραχήλῳ</em></span> <span class='ocrx_word' id='word_1_71' title='bbox 1577 732 1662 794; x_wconf 84' lang='grc' dir='ltr'><em>τῆς</em></span> <span class='ocrx_word' id='word_1_72' title='bbox 1699 725 1926 793; x_wconf 85' lang='grc' dir='ltr'><em>κύστεως,</em></span> 
     </span>
     <span class='ocr_line' id='line_1_10' title="bbox 236 808 1924 882; baseline -0.001 -21"><span class='ocrx_word' id='word_1_73' title='bbox 236 810 468 862; x_wconf 83' lang='grc' dir='ltr'><em>ἐπίκειται</em></span> <span class='ocrx_word' id='word_1_74' title='bbox 514 808 568 861; x_wconf 80' lang='grc' dir='ltr'><em>δὲ</em></span> <span class='ocrx_word' id='word_1_75' title='bbox 612 814 677 881; x_wconf 78' lang='grc' dir='ltr'><em>τῷ</em></span> <span class='ocrx_word' id='word_1_76' title='bbox 726 811 966 879; x_wconf 80' lang='grc' dir='ltr'><em>δακτυλίῳ</em></span> <span class='ocrx_word' id='word_1_77' title='bbox 1019 811 1103 862; x_wconf 83' lang='grc' dir='ltr'><em>καὶ</em></span> <span class='ocrx_word' id='word_1_78' title='bbox 1147 815 1213 882; x_wconf 78' lang='grc' dir='ltr'><em>τῷ</em></span> <span class='ocrx_word' id='word_1_79' title='bbox 1261 814 1522 877; x_wconf 78' lang='grc' dir='ltr'><em>σφιγκτῆρι</em></span> <span class='ocrx_word' id='word_1_80' title='bbox 1565 809 1649 860; x_wconf 86' lang='grc' dir='ltr'><em>καὶ</em></span> <span class='ocrx_word' id='word_1_81' title='bbox 1686 814 1752 881; x_wconf 82' lang='grc' dir='ltr'><em>τῷ</em></span> <span class='ocrx_word' id='word_1_82' title='bbox 1790 808 1924 879; x_wconf 85' lang='grc' dir='ltr'><em>ἄκρῳ</em></span> 
     </span>
     <span class='ocr_line' id='line_1_11' title="bbox 233 886 1926 958; baseline -0.001 -16"><span class='ocrx_word' id='word_1_83' title='bbox 233 895 322 944; x_wconf 81' lang='grc' dir='ltr'><em>τοῦ</em></span> <span class='ocrx_word' id='word_1_84' title='bbox 375 887 775 957; x_wconf 80' lang='grc' dir='ltr'><em>ἀπευθυσμένου.</em></span> <span class='ocrx_word' id='word_1_85' title='bbox 863 889 986 943; x_wconf 80' lang='grc' dir='ltr'><em>κατὰ</em></span> <span class='ocrx_word' id='word_1_86' title='bbox 1031 891 1086 943; x_wconf 85' lang='grc' dir='ltr'><em>δὲ</em></span> <span class='ocrx_word' id='word_1_87' title='bbox 1132 888 1288 958; x_wconf 86' lang='grc' dir='ltr'><em>μῆκός</em></span> <span class='ocrx_word' id='word_1_88' title='bbox 1334 891 1485 954; x_wconf 89' lang='grc' dir='ltr'><em>ἐστιν,</em></span> <span class='ocrx_word' id='word_1_89' title='bbox 1536 886 1602 951; x_wconf 78' lang='grc' dir='ltr'><em>ὥς</em></span> <span class='ocrx_word' id='word_1_90' title='bbox 1648 891 1926 957; x_wconf 76' lang='grc' dir='ltr'><em>ἔμπροσθεν</em></span> 
     </span>
     <span class='ocr_line' id='line_1_12' title="bbox 170 967 1927 1040; baseline -0.001 -17"><span class='ocrx_word' id='word_1_91' title='bbox 170 992 213 1024; x_wconf 91' lang='lat'><em>10</em></span> <span class='ocrx_word' id='word_1_92' title='bbox 237 968 576 1038; x_wconf 77' lang='grc' dir='ltr'><em>ὑπεδείξαμεν,</em></span> <span class='ocrx_word' id='word_1_93' title='bbox 608 970 796 1037; x_wconf 88' lang='grc' dir='ltr'><em>ἄνισος,</em></span> <span class='ocrx_word' id='word_1_94' title='bbox 836 970 896 1025; x_wconf 81' lang='grc' dir='ltr'><em>οὗ</em></span> <span class='ocrx_word' id='word_1_95' title='bbox 936 972 1092 1040; x_wconf 91' lang='grc' dir='ltr'><em>μόνον</em></span> <span class='ocrx_word' id='word_1_96' title='bbox 1121 970 1257 1040; x_wconf 80' lang='grc' dir='ltr'><em>παρὰ</em></span> <span class='ocrx_word' id='word_1_97' title='bbox 1286 969 1371 1033; x_wconf 80' lang='grc' dir='ltr'><em>τὰς</em></span> <span class='ocrx_word' id='word_1_98' title='bbox 1402 968 1592 1038; x_wconf 79' lang='grc' dir='ltr'><em>ἡλικίας</em></span> <span class='ocrx_word' id='word_1_99' title='bbox 1621 967 1652 1037; x_wconf 78' lang='grc' dir='ltr'><em>ἢ</em></span> <span class='ocrx_word' id='word_1_100' title='bbox 1685 969 1819 1038; x_wconf 83' lang='grc' dir='ltr'><em>παρὰ</em></span> <span class='ocrx_word' id='word_1_101' title='bbox 1842 969 1927 1034; x_wconf 80' lang='grc' dir='ltr'><em>τὰς</em></span> 
     </span>
     <span class='ocr_line' id='line_1_13' title="bbox 235 1048 1926 1121; baseline -0.001 -16"><span class='ocrx_word' id='word_1_102' title='bbox 235 1055 502 1114; x_wconf 84' lang='grc' dir='ltr'><em>συνουσίας</em></span> <span class='ocrx_word' id='word_1_103' title='bbox 555 1054 609 1104; x_wconf 86' lang='grc' dir='ltr'><em>ἐν</em></span> <span class='ocrx_word' id='word_1_104' title='bbox 655 1049 733 1114; x_wconf 87' lang='grc' dir='ltr'><em>αἷς</em></span> <span class='ocrx_word' id='word_1_105' title='bbox 786 1053 1180 1121; x_wconf 78' lang='grc' dir='ltr'><em>ἐπεκτεινόμενος</em></span> <span class='ocrx_word' id='word_1_106' title='bbox 1225 1050 1252 1106; x_wconf 84' lang='grc' dir='ltr'>ὁ</span> <span class='ocrx_word' id='word_1_107' title='bbox 1298 1050 1536 1119; x_wconf 75' lang='grc' dir='ltr'><em>τράχηλος</em></span> <span class='ocrx_word' id='word_1_108' title='bbox 1587 1057 1673 1118; x_wconf 84' lang='grc' dir='ltr'><em>τῆς</em></span> <span class='ocrx_word' id='word_1_109' title='bbox 1725 1048 1926 1119; x_wconf 76' lang='grc' dir='ltr'><em>ὑστέρας</em></span> 
     </span>
     <span class='ocr_line' id='line_1_14' title="bbox 235 1127 1923 1202; baseline -0.001 -16"><span class='ocrx_word' id='word_1_110' title='bbox 235 1127 398 1200; x_wconf 71' lang='grc' dir='ltr'><em>ὥσπερ</em></span> <span class='ocrx_word' id='word_1_111' title='bbox 437 1134 520 1185; x_wconf 84' lang='grc' dir='ltr'><em>καὶ</em></span> <span class='ocrx_word' id='word_1_112' title='bbox 557 1131 610 1186; x_wconf 88' lang='grc' dir='ltr'><em>τὸ</em></span> <span class='ocrx_word' id='word_1_113' title='bbox 649 1139 746 1186; x_wconf 82' lang='grc' dir='ltr'><em>τῶν</em></span> <span class='ocrx_word' id='word_1_114' title='bbox 784 1132 1006 1202; x_wconf 93' lang='grc' dir='ltr'><em>ἀρρένων</em></span> <span class='ocrx_word' id='word_1_115' title='bbox 1043 1137 1238 1187; x_wconf 84' lang='grc' dir='ltr'><em>αἰδοῖον</em></span> <span class='ocrx_word' id='word_1_116' title='bbox 1276 1131 1595 1200; x_wconf 73' lang='grc' dir='ltr'><em>ἐπιλαμβάνει</em></span> <span class='ocrx_word' id='word_1_117' title='bbox 1623 1153 1668 1184; x_wconf 90' lang='grc' dir='ltr'><em>τι</em></span> <span class='ocrx_word' id='word_1_118' title='bbox 1698 1132 1784 1185; x_wconf 76' lang='grc' dir='ltr'><em>τοῦ</em></span> <span class='ocrx_word' id='word_1_119' title='bbox 1816 1131 1923 1186; x_wconf 88' lang='grc' dir='ltr'><em>κόλ-</em></span> 
     </span>
     <span class='ocr_line' id='line_1_15' title="bbox 233 1212 1925 1286; baseline -0.001 -20"><span class='ocrx_word' id='word_1_120' title='bbox 233 1235 349 1278; x_wconf 86' lang='grc' dir='ltr'><em>που,</em></span> <span class='ocrx_word' id='word_1_121' title='bbox 388 1212 510 1266; x_wconf 81' lang='grc' dir='ltr'><em>ἀλλά</em></span> <span class='ocrx_word' id='word_1_122' title='bbox 547 1216 630 1266; x_wconf 83' lang='grc' dir='ltr'><em>καὶ</em></span> <span class='ocrx_word' id='word_1_123' title='bbox 667 1220 732 1286; x_wconf 81' lang='grc' dir='ltr'><em>τῷ</em></span> <span class='ocrx_word' id='word_1_124' title='bbox 772 1214 919 1281; x_wconf 80' lang='grc' dir='ltr'><em>φύσει</em></span> <span class='ocrx_word' id='word_1_125' title='bbox 959 1214 1096 1277; x_wconf 82' lang='grc' dir='ltr'><em>τινὰς</em></span> <span class='ocrx_word' id='word_1_126' title='bbox 1126 1215 1215 1282; x_wconf 84' lang='grc' dir='ltr'><em>μὲν</em></span> <span class='ocrx_word' id='word_1_127' title='bbox 1245 1213 1623 1280; x_wconf 78' lang='grc' dir='ltr'><em>προπετέστερον</em></span> <span class='ocrx_word' id='word_1_128' title='bbox 1670 1214 1796 1280; x_wconf 78' lang='grc' dir='ltr'><em>ἔχειν</em></span> <span class='ocrx_word' id='word_1_129' title='bbox 1841 1212 1925 1266; x_wconf 90' lang='grc' dir='ltr'><em>τὸν</em></span> 
     </span>
     <span class='ocr_line' id='line_1_16' title="bbox 231 1292 1926 1364; baseline 0 -17"><span class='ocrx_word' id='word_1_130' title='bbox 231 1293 473 1363; x_wconf 77' lang='grc' dir='ltr'><em>τράχηλον</em></span> <span class='ocrx_word' id='word_1_131' title='bbox 532 1293 669 1358; x_wconf 82' lang='grc' dir='ltr'><em>τινὰς</em></span> <span class='ocrx_word' id='word_1_132' title='bbox 723 1295 778 1347; x_wconf 82' lang='grc' dir='ltr'><em>δὲ</em></span> <span class='ocrx_word' id='word_1_133' title='bbox 832 1294 960 1364; x_wconf 88' lang='grc' dir='ltr'><em>ἄγαν</em></span> <span class='ocrx_word' id='word_1_134' title='bbox 1008 1294 1221 1363; x_wconf 82' lang='grc' dir='ltr'><em>κολοβὸν</em></span> <span class='ocrx_word' id='word_1_135' title='bbox 1273 1292 1306 1363; x_wconf 79' lang='grc' dir='ltr'>ἢ</span> <span class='ocrx_word' id='word_1_136' title='bbox 1362 1293 1560 1348; x_wconf 89' lang='grc' dir='ltr'><em>κονδόν.</em></span> <span class='ocrx_word' id='word_1_137' title='bbox 1643 1301 1748 1357; x_wconf 83' lang='grc' dir='ltr'><em>ταῖς</em></span> <span class='ocrx_word' id='word_1_138' title='bbox 1792 1298 1926 1347; x_wconf 87' lang='grc' dir='ltr'><em>πλεί-</em></span> 
     </span>
     <span class='ocr_line' id='line_1_17' title="bbox 166 1374 1927 1443; baseline 0 -15"><span class='ocrx_word' id='word_1_139' title='bbox 166 1395 209 1429; x_wconf 87' lang='lat'><em>15</em></span> <span class='ocrx_word' id='word_1_140' title='bbox 233 1392 366 1438; x_wconf 88' lang='grc' dir='ltr'><em>σταις</em></span> <span class='ocrx_word' id='word_1_141' title='bbox 406 1376 460 1427; x_wconf 83' lang='grc' dir='ltr'><em>δὲ</em></span> <span class='ocrx_word' id='word_1_142' title='bbox 497 1381 595 1428; x_wconf 81' lang='grc' dir='ltr'><em>τῶν</em></span> <span class='ocrx_word' id='word_1_143' title='bbox 631 1379 824 1428; x_wconf 87' lang='grc' dir='ltr'><em>τελείων</em></span> <span class='ocrx_word' id='word_1_144' title='bbox 863 1377 912 1439; x_wconf 75' lang='grc' dir='ltr'><em>ἕξ</em></span> <span class='ocrx_word' id='word_1_145' title='bbox 951 1377 1047 1428; x_wconf 92' lang='grc' dir='ltr'><em>ἐστι</em></span> <span class='ocrx_word' id='word_1_146' title='bbox 1087 1374 1354 1429; x_wconf 80' lang='grc' dir='ltr'><em>δακτύλων.</em></span> <span class='ocrx_word' id='word_1_147' title='bbox 1408 1376 1724 1443; x_wconf 84' lang='grc' dir='ltr'><em>συμπέπτωκε</em></span> <span class='ocrx_word' id='word_1_148' title='bbox 1763 1375 1927 1442; x_wconf 83' lang='grc' dir='ltr'><em>μέντοι</em></span> 
     </span>
     <span class='ocr_line' id='line_1_18' title="bbox 231 1455 1920 1525; baseline -0.001 -15"><span class='ocrx_word' id='word_1_149' title='bbox 231 1457 315 1510; x_wconf 80' lang='grc' dir='ltr'><em>καὶ</em></span> <span class='ocrx_word' id='word_1_150' title='bbox 353 1455 640 1525; x_wconf 76' lang='grc' dir='ltr'><em>στενώτερός</em></span> <span class='ocrx_word' id='word_1_151' title='bbox 679 1458 808 1510; x_wconf 87' lang='grc' dir='ltr'><em>ἐστιν</em></span> <span class='ocrx_word' id='word_1_152' title='bbox 847 1458 927 1509; x_wconf 87' lang='grc' dir='ltr'><em>ἐπὶ</em></span> <span class='ocrx_word' id='word_1_153' title='bbox 962 1458 1232 1524; x_wconf 82' lang='grc' dir='ltr'><em>παρθένων</em></span> <span class='ocrx_word' id='word_1_154' title='bbox 1280 1461 1459 1511; x_wconf 89' lang='grc' dir='ltr'><em>στολίσι</em></span> <span class='ocrx_word' id='word_1_155' title='bbox 1489 1457 1781 1525; x_wconf 83' lang='grc' dir='ltr'><em>κεχρημένος</em></span> <span class='ocrx_word' id='word_1_156' title='bbox 1804 1475 1920 1509; x_wconf 83' lang='grc' dir='ltr'><em>συν-</em></span> 
     </span>
     <span class='ocr_line' id='line_1_19' title="bbox 233 1534 1925 1608; baseline 0.001 -18"><span class='ocrx_word' id='word_1_157' title='bbox 233 1539 485 1606; x_wconf 87' lang='grc' dir='ltr'><em>εχομέναις</em></span> <span class='ocrx_word' id='word_1_158' title='bbox 522 1535 607 1590; x_wconf 76' lang='grc' dir='ltr'><em>ὑπ’</em></span> <span class='ocrx_word' id='word_1_159' title='bbox 651 1536 862 1608; x_wconf 90' lang='grc' dir='ltr'><em>ἀγγείων</em></span> <span class='ocrx_word' id='word_1_160' title='bbox 900 1536 998 1591; x_wconf 87' lang='grc' dir='ltr'><em>ἀπὸ</em></span> <span class='ocrx_word' id='word_1_161' title='bbox 1036 1545 1123 1605; x_wconf 84' lang='grc' dir='ltr'><em>τῆς</em></span> <span class='ocrx_word' id='word_1_162' title='bbox 1153 1536 1354 1607; x_wconf 68' lang='grc' dir='ltr'><em>’ὑστέρας</em></span> <span class='ocrx_word' id='word_1_163' title='bbox 1388 1536 1478 1606; x_wconf 82' lang='grc' dir='ltr'><em>τὴν</em></span> <span class='ocrx_word' id='word_1_164' title='bbox 1509 1534 1768 1605; x_wconf 86' lang='grc' dir='ltr'><em>ἀπόφυσιν</em></span> <span class='ocrx_word' id='word_1_165' title='bbox 1797 1541 1925 1606; x_wconf 86' lang='grc' dir='ltr'><em>εἰλη-</em></span> 
     </span>
     <span class='ocr_line' id='line_1_20' title="bbox 232 1617 1925 1688; baseline 0.001 -17"><span class='ocrx_word' id='word_1_166' title='bbox 232 1617 425 1686; x_wconf 87' lang='grc' dir='ltr'><em>φότων,</em></span> <span class='ocrx_word' id='word_1_167' title='bbox 480 1618 603 1686; x_wconf 82' lang='grc' dir='ltr'><em>ἄπερ</em></span> <span class='ocrx_word' id='word_1_168' title='bbox 656 1621 740 1671; x_wconf 85' lang='grc' dir='ltr'><em>καὶ</em></span> <span class='ocrx_word' id='word_1_169' title='bbox 793 1618 914 1672; x_wconf 77' lang='grc' dir='ltr'><em>κατὰ</em></span> <span class='ocrx_word' id='word_1_170' title='bbox 962 1617 1047 1682; x_wconf 79' lang='grc' dir='ltr'><em>τὰς</em></span> <span class='ocrx_word' id='word_1_171' title='bbox 1093 1618 1425 1688; x_wconf 80' lang='grc' dir='ltr'><em>διακορεύσεις</em></span> <span class='ocrx_word' id='word_1_172' title='bbox 1471 1617 1661 1686; x_wconf 80' lang='grc' dir='ltr'><em>ὀδύνην</em></span> <span class='ocrx_word' id='word_1_173' title='bbox 1706 1619 1925 1688; x_wconf 78' lang='grc' dir='ltr'><em>ἐπιφέρει</em></span> 
     </span>
     <span class='ocr_line' id='line_1_21' title="bbox 235 1697 1924 1770; baseline 0.001 -18"><span class='ocrx_word' id='word_1_174' title='bbox 235 1697 560 1768; x_wconf 83' lang='grc' dir='ltr'><em>ἇπλουμένων</em></span> <span class='ocrx_word' id='word_1_175' title='bbox 597 1706 695 1753; x_wconf 83' lang='grc' dir='ltr'><em>τῶν</em></span> <span class='ocrx_word' id='word_1_176' title='bbox 735 1704 985 1754; x_wconf 90' lang='grc' dir='ltr'><em>στολίδων.</em></span> <span class='ocrx_word' id='word_1_177' title='bbox 1061 1699 1298 1770; x_wconf 75' lang='grc' dir='ltr'><em>ῥήγνυται</em></span> <span class='ocrx_word' id='word_1_178' title='bbox 1334 1699 1428 1769; x_wconf 78' lang='grc' dir='ltr'><em>γὰρ</em></span> <span class='ocrx_word' id='word_1_179' title='bbox 1466 1701 1548 1752; x_wconf 85' lang='grc' dir='ltr'><em>καὶ</em></span> <span class='ocrx_word' id='word_1_180' title='bbox 1586 1697 1841 1767; x_wconf 79' lang='grc' dir='ltr'><em>ἀποκρίνει</em></span> <span class='ocrx_word' id='word_1_181' title='bbox 1871 1700 1924 1755; x_wconf 84' lang='grc' dir='ltr'><em>τὸ</em></span> 
     </span>
     <span class='ocr_line' id='line_1_22' title="bbox 170 1779 1041 1850; baseline 0.001 -18"><span class='ocrx_word' id='word_1_182' title='bbox 170 1801 213 1834; x_wconf 83' lang='lat'><em>20</em></span> <span class='ocrx_word' id='word_1_183' title='bbox 237 1779 473 1848; x_wconf 80' lang='grc' dir='ltr'><em>συνήθως</em></span> <span class='ocrx_word' id='word_1_184' title='bbox 511 1780 869 1850; x_wconf 77' lang='grc' dir='ltr'><em>ἐπιφερόμενον</em></span> <span class='ocrx_word' id='word_1_185' title='bbox 907 1779 1041 1848; x_wconf 85' lang='grc' dir='ltr'><em>αἷμα.</em></span> 
     </span>
    </p>

    <p class='ocr_par' dir='ltr' id='par_1_4' title="bbox 230 1860 1923 2174">
     <span class='ocr_line' id='line_1_23' title="bbox 385 1860 1922 1932; baseline 0.001 -17"><span class='ocrx_word' id='word_1_186' title='bbox 385 1869 467 1915; x_wconf 88' lang='grc'><em>17.</em></span> <span class='ocrx_word' id='word_1_187' title='bbox 530 1861 582 1916; x_wconf 88' lang='grc' dir='ltr'><em>τὸ</em></span> <span class='ocrx_word' id='word_1_188' title='bbox 628 1861 723 1932; x_wconf 79' lang='grc' dir='ltr'><em>γὰρ</em></span> <span class='ocrx_word' id='word_1_189' title='bbox 770 1866 961 1916; x_wconf 80' lang='grc' dir='ltr'><em>οἴεσθαι</em></span> <span class='ocrx_word' id='word_1_190' title='bbox 1013 1863 1373 1930; x_wconf 86' lang='grc' dir='ltr'><em>διαπεφυκέναι</em></span> <span class='ocrx_word' id='word_1_191' title='bbox 1410 1861 1583 1916; x_wconf 86' lang='grc' dir='ltr'><em>λεπτὸν</em></span> <span class='ocrx_word' id='word_1_192' title='bbox 1620 1860 1778 1930; x_wconf 74' lang='grc' dir='ltr'><em>ὑμένα</em></span> <span class='ocrx_word' id='word_1_193' title='bbox 1816 1867 1922 1917; x_wconf 86' lang='grc' dir='ltr'><em>δια-</em></span> 
     </span>
     <span class='ocr_line' id='line_1_24' title="bbox 231 1941 1923 2014; baseline 0.001 -19"><span class='ocrx_word' id='word_1_194' title='bbox 231 1941 517 2010; x_wconf 87' lang='grc' dir='ltr'><em>φράσσοντα</em></span> <span class='ocrx_word' id='word_1_195' title='bbox 553 1942 640 1997; x_wconf 85' lang='grc' dir='ltr'><em>τὸν</em></span> <span class='ocrx_word' id='word_1_196' title='bbox 677 1942 880 2011; x_wconf 88' lang='grc' dir='ltr'><em>κόλπον,</em></span> <span class='ocrx_word' id='word_1_197' title='bbox 918 1949 1093 1997; x_wconf 82' lang='grc' dir='ltr'><em>τοῦτον</em></span> <span class='ocrx_word' id='word_1_198' title='bbox 1133 1944 1186 1996; x_wconf 83' lang='grc' dir='ltr'><em>δὲ</em></span> <span class='ocrx_word' id='word_1_199' title='bbox 1221 1943 1505 2014; x_wconf 77' lang='grc' dir='ltr'><em>ῥήγνυσθαι</em></span> <span class='ocrx_word' id='word_1_200' title='bbox 1535 1943 1655 1996; x_wconf 81' lang='grc' dir='ltr'><em>κατὰ</em></span> <span class='ocrx_word' id='word_1_201' title='bbox 1699 1943 1783 2007; x_wconf 84' lang='grc' dir='ltr'><em>τὰς</em></span> <span class='ocrx_word' id='word_1_202' title='bbox 1815 1948 1923 1997; x_wconf 82' lang='grc' dir='ltr'><em>δια-</em></span> 
     </span>
     <span class='ocr_line' id='line_1_25' title="bbox 230 2022 1920 2094; baseline 0.001 -18"><span class='ocrx_word' id='word_1_203' title='bbox 230 2022 477 2090; x_wconf 83' lang='grc' dir='ltr'><em>κορεύσεις</em></span> <span class='ocrx_word' id='word_1_204' title='bbox 523 2026 607 2077; x_wconf 85' lang='grc' dir='ltr'><em>καὶ</em></span> <span class='ocrx_word' id='word_1_205' title='bbox 646 2023 838 2092; x_wconf 75' lang='grc' dir='ltr'><em>ὀδύνην</em></span> <span class='ocrx_word' id='word_1_206' title='bbox 876 2025 1129 2094; x_wconf 87' lang='grc' dir='ltr'><em>ἐπιφέρειν</em></span> <span class='ocrx_word' id='word_1_207' title='bbox 1166 2022 1199 2092; x_wconf 76' lang='grc' dir='ltr'><em>ἢ</em></span> <span class='ocrx_word' id='word_1_208' title='bbox 1232 2032 1417 2078; x_wconf 83' lang='grc' dir='ltr'><em>θᾶττον</em></span> <span class='ocrx_word' id='word_1_209' title='bbox 1456 2024 1745 2093; x_wconf 83' lang='grc' dir='ltr'><em>καθάρσεως</em></span> <span class='ocrx_word' id='word_1_210' title='bbox 1783 2047 1920 2094; x_wconf 85' lang='grc' dir='ltr'><em>γενο-</em></span> 
     </span>
     <span class='ocr_line' id='line_1_26' title="bbox 230 2105 1922 2174; baseline 0.002 -18"><span class='ocrx_word' id='word_1_211' title='bbox 230 2105 403 2172; x_wconf 84' lang='grc' dir='ltr'><em>μένης,</em></span> <span class='ocrx_word' id='word_1_212' title='bbox 467 2107 758 2173; x_wconf 89' lang='grc' dir='ltr'><em>ἐμμείναντα</em></span> <span class='ocrx_word' id='word_1_213' title='bbox 820 2106 874 2159; x_wconf 83' lang='grc' dir='ltr'><em>δὲ</em></span> <span class='ocrx_word' id='word_1_214' title='bbox 938 2108 1022 2159; x_wconf 83' lang='grc' dir='ltr'><em>καὶ</em></span> <span class='ocrx_word' id='word_1_215' title='bbox 1076 2107 1545 2174; x_wconf 84' lang='grc' dir='ltr'><em>σωματοποιηθέντα</em></span> <span class='ocrx_word' id='word_1_216' title='bbox 1609 2105 1661 2160; x_wconf 93' lang='grc' dir='ltr'><em>τὸ</em></span> <span class='ocrx_word' id='word_1_217' title='bbox 1717 2105 1922 2174; x_wconf 75' lang='grc' dir='ltr'><em>ἄτρητον</em></span> 
     </span>
    </p>

    <p class='ocr_par' dir='ltr' id='par_1_5' title="bbox 351 2223 1801 2288">
     <span class='ocr_line' id='line_1_27' title="bbox 351 2223 1801 2288; baseline 0.001 -18"><span class='ocrx_word' id='word_1_218' title='bbox 351 2232 374 2270; x_wconf 95' lang='grc'>1</span> <span class='ocrx_word' id='word_1_219' title='bbox 420 2223 482 2278; x_wconf 80' lang='grc' dir='ltr'><em>ὡς</em></span> <span class='ocrx_word' id='word_1_220' title='bbox 506 2252 561 2259; x_wconf 91' lang='lat'><em>—-</em></span> <span class='ocrx_word' id='word_1_221' title='bbox 587 2224 775 2288; x_wconf 84' lang='grc' dir='ltr'><em>βαλάνῳ</em></span> <span class='ocrx_word' id='word_1_222' title='bbox 810 2229 908 2274; x_wconf 82' lang='lat' dir='ltr'><strong>Or.:</strong></span> <span class='ocrx_word' id='word_1_223' title='bbox 942 2242 1031 2274; x_wconf 91' lang='lat' dir='ltr'><em>om.</em></span> <span class='ocrx_word' id='word_1_224' title='bbox 1065 2242 1089 2272; x_wconf 80' lang='grc' dir='ltr'><em>ο</em></span> <span class='ocrx_word' id='word_1_225' title='bbox 1122 2228 1220 2284; x_wconf 86' lang='lat' dir='ltr'>(ubi</span> <span class='ocrx_word' id='word_1_226' title='bbox 1249 2223 1448 2282; x_wconf 77' lang='grc' dir='ltr'><em>ὑστέρας</em></span> <span class='ocrx_word' id='word_1_227' title='bbox 1478 2240 1562 2285; x_wconf 84' lang='lat' dir='ltr'><em>pro</em></span> <span class='ocrx_word' id='word_1_228' title='bbox 1595 2224 1801 2285; x_wconf 84' lang='grc' dir='ltr'><em>μήτρας).</em></span> 
     </span>
    </p>
   </div>
   <div class='ocr_carea' id='block_1_4' title="bbox 1245 2286 1318 2330">
    <p class='ocr_par' dir='ltr' id='par_1_6' title="bbox 1245 2286 1318 2330">
     <span class='ocr_line' id='line_1_28' title="bbox 1245 2286 1318 2330; baseline 0 -10"><span class='ocrx_word' id='word_1_229' title='bbox 1245 2286 1318 2330; x_wconf 69' lang='lat' dir='ltr'><em>‚tm</em></span> 
     </span>
    </p>
   </div>
   <div class='ocr_carea' id='block_1_5' title="bbox 228 2311 1962 2901">
    <p class='ocr_par' dir='ltr' id='par_1_7' title="bbox 228 2311 1922 2726">
     <span class='ocr_line' id='line_1_29' title="bbox 230 2311 1922 2374; baseline 0.001 -16"><span class='ocrx_word' id='word_1_230' title='bbox 230 2318 260 2358; x_wconf 84' lang='lat'>4</span> <span class='ocrx_word' id='word_1_231' title='bbox 293 2311 415 2370; x_wconf 78' lang='grc' dir='ltr'><em>ἔφην</em></span> <span class='ocrx_word' id='word_1_232' title='bbox 441 2316 515 2360; x_wconf 85' lang='lat' dir='ltr'><em>Or.</em></span> <span class='ocrx_word' id='word_1_233' title='bbox 541 2315 636 2372; x_wconf 86' lang='lat' dir='ltr'>(vel</span> <span class='ocrx_word' id='word_1_234' title='bbox 669 2314 894 2373; x_wconf 75' lang='grc' dir='ltr'><em>ἔφαμεν);</em></span> <span class='ocrx_word' id='word_1_235' title='bbox 929 2314 1076 2373; x_wconf 76' lang='grc' dir='ltr'><em>ἔφηνε</em></span> <span class='ocrx_word' id='word_1_236' title='bbox 1110 2316 1192 2374; x_wconf 84' lang='lat' dir='ltr'><strong>(sic</strong></span> <span class='ocrx_word' id='word_1_237' title='bbox 1229 2315 1289 2373; x_wconf 83' lang='grc' dir='ltr'><em>ἐφ</em></span> <span class='ocrx_word' id='word_1_238' title='bbox 1321 2320 1335 2370; x_wconf 90' lang='grc'>)</span> <span class='ocrx_word' id='word_1_239' title='bbox 1369 2331 1406 2362; x_wconf 85' lang='grc' dir='ltr'><em>ο.</em></span> <span class='ocrx_word' id='word_1_240' title='bbox 1575 2321 1601 2360; x_wconf 83' lang='grc'>5</span> <span class='ocrx_word' id='word_1_241' title='bbox 1633 2315 1922 2372; x_wconf 78' lang='grc' dir='ltr'><em>παρατεθεὶς</em></span> 
     </span>
     <span class='ocr_line' id='line_1_30' title="bbox 230 2369 1859 2432; baseline 0.002 -16"><span class='ocrx_word' id='word_1_242' title='bbox 230 2369 276 2416; x_wconf 78' lang='grc' dir='ltr'><em>ἀ.</em></span> <span class='ocrx_word' id='word_1_243' title='bbox 301 2374 385 2417; x_wconf 83' lang='grc' dir='ltr'><em>τοῦ</em></span> <span class='ocrx_word' id='word_1_244' title='bbox 412 2373 598 2419; x_wconf 83' lang='grc' dir='ltr'><em>αἰδοίου</em></span> <span class='ocrx_word' id='word_1_245' title='bbox 625 2389 661 2420; x_wconf 85' lang='lat'><em>0.</em></span> <span class='ocrx_word' id='word_1_246' title='bbox 755 2380 782 2420; x_wconf 88' lang='grc'>8</span> <span class='ocrx_word' id='word_1_247' title='bbox 815 2372 1028 2420; x_wconf 76' lang='grc' dir='ltr'><em>δακτύλῳ</em></span> <span class='ocrx_word' id='word_1_248' title='bbox 1057 2390 1096 2420; x_wconf 85' lang='lat' dir='ltr'><em>c.</em></span> <span class='ocrx_word' id='word_1_249' title='bbox 1184 2381 1239 2420; x_wconf 88' lang='lat'><em>10</em></span> <span class='ocrx_word' id='word_1_250' title='bbox 1269 2373 1355 2426; x_wconf 81' lang='grc' dir='ltr'><em>τὰς</em></span> <span class='ocrx_word' id='word_1_251' title='bbox 1387 2377 1513 2431; x_wconf 74' lang='lat' dir='ltr'>(ante</span> <span class='ocrx_word' id='word_1_252' title='bbox 1545 2377 1662 2432; x_wconf 90' lang='grc' dir='ltr'><em>συν.)</em></span> <span class='ocrx_word' id='word_1_253' title='bbox 1697 2389 1787 2420; x_wconf 91' lang='lat' dir='ltr'><em>om.</em></span> <span class='ocrx_word' id='word_1_254' title='bbox 1821 2390 1859 2419; x_wconf 85' lang='lat' dir='ltr'><em>c.</em></span> 
     </span>
     <span class='ocr_line' id='line_1_31' title="bbox 231 2427 1920 2505; baseline 0.002 -31"><span class='ocrx_word' id='word_1_255' title='bbox 231 2436 288 2475; x_wconf 87' lang='lat'><em>14</em></span> <span class='ocrx_word' id='word_1_256' title='bbox 319 2427 442 2488; x_wconf 77' lang='grc' dir='ltr'><em>ἄγαν</em></span> <span class='ocrx_word' id='word_1_257' title='bbox 474 2431 673 2492; x_wconf 82' lang='grc' dir='ltr'><em>κολοβὸν</em></span> <span class='ocrx_word' id='word_1_258' title='bbox 704 2430 750 2491; x_wconf 79' lang='grc' dir='ltr'><em>(ἢ</em></span> <span class='ocrx_word' id='word_1_259' title='bbox 783 2433 959 2480; x_wconf 84' lang='grc' dir='ltr'><em>κονδόν</em></span> <span class='ocrx_word' id='word_1_260' title='bbox 990 2435 1184 2491; x_wconf 74' lang='lat' dir='ltr'><strong>quidam</strong></span> <span class='ocrx_word' id='word_1_261' title='bbox 1215 2434 1340 2492; x_wconf 84' lang='lat' dir='ltr'><strong>add.)</strong></span> <span class='ocrx_word' id='word_1_262' title='bbox 1373 2434 1505 2478; x_wconf 87' lang='lat' dir='ltr'><strong>codd.</strong></span> <span class='ocrx_word' id='word_1_263' title='bbox 1525 2434 1623 2479; x_wconf 87' lang='lat' dir='ltr'><strong>Or.:</strong></span> <span class='ocrx_word' id='word_1_264' title='bbox 1656 2431 1782 2505; x_wconf 75' lang='grc' dir='ltr'><em>ἄγαν</em></span> <span class='ocrx_word' id='word_1_265' title='bbox 1813 2450 1920 2479; x_wconf 80' lang='grc' dir='ltr'><em>κον-</em></span> 
     </span>
     <span class='ocr_line' id='line_1_32' title="bbox 229 2487 1916 2554; baseline 0.003 -21"><span class='ocrx_word' id='word_1_266' title='bbox 229 2487 316 2533; x_wconf 77' lang='grc' dir='ltr'><em>δόν</em></span> <span class='ocrx_word' id='word_1_267' title='bbox 350 2504 386 2535; x_wconf 82' lang='lat' dir='ltr'><em>c,</em></span> <span class='ocrx_word' id='word_1_268' title='bbox 450 2507 491 2536; x_wconf 86' lang='lat' dir='ltr'><em>v.</em></span> <span class='ocrx_word' id='word_1_269' title='bbox 526 2492 725 2550; x_wconf 80' lang='lat' dir='ltr'><strong>Hesych.</strong></span> <span class='ocrx_word' id='word_1_270' title='bbox 767 2491 985 2554; x_wconf 80' lang='grc' dir='ltr'><em>κολοβός,</em></span> <span class='ocrx_word' id='word_1_271' title='bbox 1024 2492 1215 2550; x_wconf 81' lang='grc' dir='ltr'><em>κονδός,</em></span> <span class='ocrx_word' id='word_1_272' title='bbox 1249 2491 1461 2551; x_wconf 81' lang='grc' dir='ltr'><em>σμικρός,</em></span> <span class='ocrx_word' id='word_1_273' title='bbox 1493 2488 1757 2549; x_wconf 83' lang='grc' dir='ltr'><em>ὅλιγοστος.</em></span> <span class='ocrx_word' id='word_1_274' title='bbox 1779 2529 1788 2538; x_wconf 94' lang='grc'><em>.</em></span> <span class='ocrx_word' id='word_1_275' title='bbox 1809 2529 1818 2538; x_wconf 91' lang='grc'><em>.</em></span> <span class='ocrx_word' id='word_1_276' title='bbox 1859 2493 1916 2538; x_wconf 83' lang='lat' dir='ltr'><em>cf.</em></span> 
     </span>
     <span class='ocr_line' id='line_1_33' title="bbox 228 2547 1918 2608; baseline 0.003 -17"><span class='ocrx_word' id='word_1_277' title='bbox 228 2548 355 2592; x_wconf 85' lang='lat' dir='ltr'>idem</span> <span class='ocrx_word' id='word_1_278' title='bbox 386 2563 421 2594; x_wconf 81' lang='lat' dir='ltr'><em>s,</em></span> <span class='ocrx_word' id='word_1_279' title='bbox 457 2547 630 2595; x_wconf 83' lang='grc' dir='ltr'><em>κόνδοι.</em></span> <span class='ocrx_word' id='word_1_280' title='bbox 779 2557 835 2595; x_wconf 82' lang='grc'><em>14</em></span> <span class='ocrx_word' id='word_1_281' title='bbox 865 2557 969 2603; x_wconf 85' lang='grc' dir='ltr'><em>ταῖς</em></span> <span class='ocrx_word' id='word_1_282' title='bbox 999 2551 1054 2596; x_wconf 78' lang='grc' dir='ltr'><em>δὲ</em></span> <span class='ocrx_word' id='word_1_283' title='bbox 1086 2556 1159 2596; x_wconf 83' lang='grc' dir='ltr'><em>πλ.</em></span> <span class='ocrx_word' id='word_1_284' title='bbox 1194 2552 1271 2596; x_wconf 83' lang='lat' dir='ltr'><em>Or.</em></span> <span class='ocrx_word' id='word_1_285' title='bbox 1405 2556 1459 2595; x_wconf 83' lang='lat'><em>15</em></span> <span class='ocrx_word' id='word_1_286' title='bbox 1492 2551 1784 2608; x_wconf 81' lang='grc' dir='ltr'><em>συμπέπτεκε</em></span> <span class='ocrx_word' id='word_1_287' title='bbox 1818 2552 1918 2608; x_wconf 82' lang='lat' dir='ltr'><strong>(sic)</strong></span> 
     </span>
     <span class='ocr_line' id='line_1_34' title="bbox 230 2607 1858 2668; baseline 0.002 -16"><span class='ocrx_word' id='word_1_288' title='bbox 230 2621 267 2653; x_wconf 83' lang='grc' dir='ltr'><em>ο.</em></span> <span class='ocrx_word' id='word_1_289' title='bbox 390 2608 477 2666; x_wconf 84' lang='grc' dir='ltr'><em>μέν</em></span> <span class='ocrx_word' id='word_1_290' title='bbox 508 2625 581 2653; x_wconf 88' lang='grc' dir='ltr'><em>τοι</em></span> <span class='ocrx_word' id='word_1_291' title='bbox 612 2625 664 2666; x_wconf 84' lang='grc' dir='ltr'><em>γε</em></span> <span class='ocrx_word' id='word_1_292' title='bbox 699 2610 774 2656; x_wconf 87' lang='lat' dir='ltr'><em>Or.</em></span> <span class='ocrx_word' id='word_1_293' title='bbox 875 2608 1222 2668; x_wconf 81' lang='grc' dir='ltr'><em>στενό(ώ)τερος</em></span> <span class='ocrx_word' id='word_1_294' title='bbox 1253 2609 1351 2654; x_wconf 89' lang='lat' dir='ltr'><strong>Or.:</strong></span> <span class='ocrx_word' id='word_1_295' title='bbox 1384 2607 1652 2667; x_wconf 85' lang='grc' dir='ltr'><em>στερότερος</em></span> <span class='ocrx_word' id='word_1_296' title='bbox 1684 2611 1787 2667; x_wconf 80' lang='lat' dir='ltr'>(sic)</span> <span class='ocrx_word' id='word_1_297' title='bbox 1821 2625 1858 2655; x_wconf 86' lang='lat' dir='ltr'><em>c.</em></span> 
     </span>
     <span class='ocr_line' id='line_1_35' title="bbox 234 2663 1916 2726; baseline 0.002 -16"><span class='ocrx_word' id='word_1_298' title='bbox 234 2671 288 2710; x_wconf 83' lang='grc'><em>17</em></span> <span class='ocrx_word' id='word_1_299' title='bbox 321 2663 567 2723; x_wconf 73' lang='grc' dir='ltr'><em>ἀπόφασιν</em></span> <span class='ocrx_word' id='word_1_300' title='bbox 598 2668 703 2726; x_wconf 82' lang='lat' dir='ltr'>(sic)</span> <span class='ocrx_word' id='word_1_301' title='bbox 736 2683 773 2713; x_wconf 86' lang='lat'><em>0.</em></span> <span class='ocrx_word' id='word_1_302' title='bbox 922 2674 976 2714; x_wconf 89' lang='grc'><em>18</em></span> <span class='ocrx_word' id='word_1_303' title='bbox 1008 2670 1109 2714; x_wconf 64' lang='lat' dir='ltr'><strong><em>uoci:</em></strong></span> <span class='ocrx_word' id='word_1_304' title='bbox 1143 2669 1222 2714; x_wconf 83' lang='lat' dir='ltr'><em>hic</em></span> <span class='ocrx_word' id='word_1_305' title='bbox 1253 2684 1291 2725; x_wconf 81' lang='lat' dir='ltr'><em>c,</em></span> <span class='ocrx_word' id='word_1_306' title='bbox 1323 2670 1428 2726; x_wconf 77' lang='lat' dir='ltr'>post</span> <span class='ocrx_word' id='word_1_307' title='bbox 1460 2670 1639 2725; x_wconf 77' lang='grc' dir='ltr'><em>διακορ.</em></span> <span class='ocrx_word' id='word_1_308' title='bbox 1674 2669 1817 2714; x_wconf 77' lang='lat' dir='ltr'>habet</span> <span class='ocrx_word' id='word_1_309' title='bbox 1842 2669 1916 2714; x_wconf 90' lang='lat' dir='ltr'><em>Or.</em></span> 
     </span>
    </p>

    <p class='ocr_par' dir='ltr' id='par_1_8' title="bbox 228 2721 1962 2901">
     <span class='ocr_line' id='line_1_36' title="bbox 318 2721 1962 2784; baseline 0.001 -14"><span class='ocrx_word' id='word_1_310' title='bbox 318 2721 498 2782; x_wconf 79' lang='grc' dir='ltr'><em>ὀδύνην</em></span> <span class='ocrx_word' id='word_1_311' title='bbox 532 2723 749 2784; x_wconf 84' lang='grc' dir='ltr'><em>ἐπιφέρει</em></span> <span class='ocrx_word' id='word_1_312' title='bbox 783 2727 883 2772; x_wconf 87' lang='lat' dir='ltr'><strong>Or.:</strong></span> <span class='ocrx_word' id='word_1_313' title='bbox 917 2742 1004 2772; x_wconf 90' lang='lat' dir='ltr'><em>om.</em></span> <span class='ocrx_word' id='word_1_314' title='bbox 1040 2742 1076 2773; x_wconf 83' lang='grc' dir='ltr'><em>ο.</em></span> <span class='ocrx_word' id='word_1_315' title='bbox 1224 2733 1277 2772; x_wconf 86' lang='grc'><em>19</em></span> <span class='ocrx_word' id='word_1_316' title='bbox 1310 2725 1400 2784; x_wconf 78' lang='grc' dir='ltr'><em>γὰρ</em></span> <span class='ocrx_word' id='word_1_317' title='bbox 1432 2727 1529 2772; x_wconf 87' lang='lat' dir='ltr'><strong>Or.:</strong></span> <span class='ocrx_word' id='word_1_318' title='bbox 1563 2742 1652 2773; x_wconf 87' lang='lat' dir='ltr'><em>om.</em></span> <span class='ocrx_word' id='word_1_319' title='bbox 1686 2742 1723 2773; x_wconf 86' lang='lat' dir='ltr'><em>c.</em></span> <span class='ocrx_word' id='word_1_320' title='bbox 1861 2732 1917 2772; x_wconf 84' lang='lat'><em>23</em></span> <span class='ocrx_word' id='word_1_321' title='bbox 1951 2759 1962 2763; x_wconf 22' lang='grc' dir='ltr'>ἡ</span> 
     </span>
     <span class='ocr_line' id='line_1_37' title="bbox 228 2783 1916 2845; baseline 0 -16"><span class='ocrx_word' id='word_1_322' title='bbox 228 2783 479 2842; x_wconf 79' lang='grc' dir='ltr'><em>γινομένης</em></span> <span class='ocrx_word' id='word_1_323' title='bbox 510 2785 586 2830; x_wconf 87' lang='lat' dir='ltr'><em>Or.</em></span> <span class='ocrx_word' id='word_1_324' title='bbox 702 2791 761 2830; x_wconf 84' lang='lat'><em>24</em></span> <span class='ocrx_word' id='word_1_325' title='bbox 796 2783 1082 2844; x_wconf 87' lang='grc' dir='ltr'><em>ἐμμείναντα</em></span> <span class='ocrx_word' id='word_1_326' title='bbox 1115 2786 1213 2833; x_wconf 88' lang='lat' dir='ltr'><strong>Or.:</strong></span> <span class='ocrx_word' id='word_1_327' title='bbox 1246 2789 1472 2844; x_wconf 88' lang='grc' dir='ltr'><em>μείναντα</em></span> <span class='ocrx_word' id='word_1_328' title='bbox 1504 2801 1541 2832; x_wconf 84' lang='grc' dir='ltr'><em>ο.</em></span> <span class='ocrx_word' id='word_1_329' title='bbox 1633 2784 1685 2832; x_wconf 84' lang='grc' dir='ltr'><em>τὸ</em></span> <span class='ocrx_word' id='word_1_330' title='bbox 1719 2783 1916 2845; x_wconf 77' lang='grc' dir='ltr'><em>ἄτρυτον</em></span> 
     </span>
     <span class='ocr_line' id='line_1_38' title="bbox 228 2842 819 2901; baseline 0.005 -14"><span class='ocrx_word' id='word_1_331' title='bbox 228 2846 265 2888; x_wconf 84' lang='grc' dir='ltr'><em>λ.</em></span> <span class='ocrx_word' id='word_1_332' title='bbox 297 2842 351 2888; x_wconf 85' lang='grc' dir='ltr'><em>τὸ</em></span> <span class='ocrx_word' id='word_1_333' title='bbox 383 2842 544 2895; x_wconf 78' lang='grc' dir='ltr'><em>πάθος</em></span> <span class='ocrx_word' id='word_1_334' title='bbox 574 2842 620 2889; x_wconf 84' lang='grc' dir='ltr'><em>ἀ.</em></span> <span class='ocrx_word' id='word_1_335' title='bbox 654 2845 755 2901; x_wconf 79' lang='lat' dir='ltr'>(sic)</span> <span class='ocrx_word' id='word_1_336' title='bbox 783 2859 819 2890; x_wconf 82' lang='lat' dir='ltr'><em>c,</em></span> 
     </span>
    </p>
   </div>
  </div>
 </body>
</html>
